2887 3652
1391 130 1586 204 -JL

276 279 515 329 obtineant,
562 279 780 335 Kayserus
824 280 958 331 recte,
1000 281 1050 322 ut
1096 279 1257 335 opinor,
1309 279 1574 325 ‘obtinerent‘
1617 278 1807 324 coniecit.
1876 279 1966 333 Ego
2012 280 2100 323 tres
2144 280 2260 325 locos
2301 279 2453 324 leniter
2497 279 2706 324 mutanda

276 338 456 382 lectione
488 337 643 381 codicis
682 337 864 381 Medicei
907 337 1192 381 emendandos
1230 349 1321 381 esse
1359 337 1561 382 arbitror:
1594 338 1660 390 12,
1695 337 1762 389 15,
1799 337 1827 381 6
1857 333 2101 392 (Lentulus)
2132 336 2301 383 Interea
2331 351 2413 394 quo
2443 335 2704 383 commodius

276 395 500 449 vectigalia
530 396 641 436 tueri
672 418 725 423 —
814 395 917 438 ssim
947 393 1059 451 (lege
1092 394 1321 452 ,possem‘),
1352 396 1611 452 praesidium
1640 395 1927 439 voluntarium
1954 395 2325 452 necessariumque
2354 395 2618 454 comparavi;
2649 395 2705 441 ad

277 454 408 497 Attic.
441 454 481 504 8,
515 454 582 504 12,
614 454 663 496 Β.
698 456 719 496 1
754 409 1019 507 Σὲοωρθίυε)
1048 455 1191 503 1111101,
1222 454 1324 507 quid
1355 467 1507 496 causae
1538 455 1678 504 fuerit,
1710 466 1840 508 quare
1870 454 2093 495 consilium
2111 497 2115 500 ,
2131 454 2312 496 1111113118
2343 454 2442 509 (leg.
2475 452 2703 509 mutares):

275 509 376 554 ibid.
416 509 457 561 8,
502 510 570 563 12,
607 510 660 554 D.
699 512 725 554 2
766 509 913 567 Neque
954 510 1066 554 enim
1103 510 1296 554 celeriter
1337 524 1386 554 ex
1422 511 1657 556 delectibus
1698 511 1782 555 huc
1825 510 2016 554 homines
2063 511 2284 555 convenire
2330 514 2530 567 possunt,
2578 514 2623 556 et
2668 511 2704 554 si

277 568 561 620 convenirent,
599 571 808 624 quantum
847 569 899 613 iis
939 568 1293 612 committendum
1324 569 1380 613 sit
1410 592 1466 599 —
1496 582 1580 613 non
1611 571 1653 613 te
1684 568 1900 626 praeterit,
1939 568 2013 612 ubi
2053 569 2266 613 sententia
2301 569 2494 624 flagitare
2523 568 2704 622 videtur,

275 628 325 668 ut
355 627 634 677 ,conveniant‘
663 628 730 669 vel
760 627 1037 677 ,convenient‘
1067 627 1288 670 scribatur.

393 683 456 727 Ex
492 684 845 729 conditionalibus
884 685 1245 729 enuntiationibus
1283 685 1390 727 duae
1430 686 1536 729 mihi
1576 686 1727 739 dignae
1767 697 1858 729 esse
1899 684 2110 739 videntur,
2152 698 2259 740 quae
2301 687 2702 729 commemorentur:

278 744 317 792 8,
350 743 377 784 4
408 744 512 785 extr.
544 740 749 796 (Caelius)
792 742 836 786 Si
867 743 956 787 sine
987 755 1062 786 suo
1093 754 1259 786 summo
1289 741 1475 798 periculo
1506 743 1598 786 fieri
1628 744 1785 797 posset,
1825 753 2030 796 magnum
2060 744 2104 785 et
2143 742 2377 795 iucundum
2406 742 2486 786 tibi
2514 742 2705 786 Fortuna

278 800 569 856 spectaculum
591 801 771 855 parabat
792 799 885 855 (cfr.
913 800 1080 855 Zumpt.
1108 799 1131 853 g
1161 797 1264 854 519)
1286 802 1330 843 et
1354 801 1422 850 10,
1450 801 1520 851 24,
1543 801 1571 842 4
1596 798 1832 855 (Plancus),
1851 799 1925 843 ubi
1947 813 2023 855 pro
2051 800 2151 850 ,sive
2172 822 2227 829 —-
2248 801 2360 852 sive‘,
2385 800 2467 843 nisi
2489 800 2625 851 fallor,
2656 801 2705 851 ,si

277 859 343 901 vel
376 882 430 887 —
461 857 528 901 vel
559 858 609 902 si‘
646 861 926 915 exspectatur.
976 857 1197 901 Postremo
1229 870 1511 902 commemoro
1542 858 1602 901 eis
1631 858 1748 909 locis,
1778 858 1930 914 quibus
1958 857 2071 902 nisi
2100 857 2144 900 si
2175 860 2326 909 exstat,
2357 871 2383 902 a
2406 858 2620 912 Draegero
2648 858 2704 910 Π,

279 916 363 958 722
395 914 586 959 collectis
617 918 656 967 5,
688 917 729 966 9,
760 918 786 958 2
818 913 1052 970 (Vatinius)
1084 917 1128 958 et
1159 915 1198 966 8,
1232 916 1299 966 15,
1334 916 1355 957 1
1390 913 1596 970 (Caelius)
1626 915 1867 960 adiciendos
1896 928 2000 962 esse.

394 973 560 1024 Restat,
601 976 651 1016 ut
693 974 744 1016 de
782 974 945 1029 aliquot
984 973 1204 1029 particulis
1241 976 1285 1015 et
1326 972 1532 1016 adverbiis
1569 985 1706 1030 pauca
1745 973 1964 1017 addamus.
2025 974 2165 1029 Atque
2204 975 2258 1016 et
2298 985 2397 1016 cum
2432 973 2572 1017 alius
2604 985 2704 1017 con-

276 1032 473 1074 iunctum
500 1031 714 1074 invenitur
750 1033 788 1081 8,
832 1032 869 1079 1.
911 1033 938 1074 3
970 1029 1177 1086 (Caelius)
1209 1030 1317 1073 solet
1358 1030 1470 1073 enim
1500 1031 1615 1073 aliud
1645 1031 1801 1074 sentire
1832 1033 1876 1074 et
1903 1032 2032 1086 loqui,
2069 1031 2143 1074 cfr.
2174 1031 2362 1085 Draeger
2379 1031 2445 1080 11.
2476 1031 2544 1074 27.
2593 1031 2705 1075 'Jam

277 1102 377 1132 vero
406 1088 451 1131 in
481 1102 546 1144 ep.
579 1087 751 1143 Sulpicii
780 1090 821 1141 4,
853 1091 893 1140 5,
934 1090 955 1132 1
991 1101 1101 1144 ,pro
1133 1101 1188 1131 eo
1227 1101 1285 1131 ac
1326 1087 1486 1131 debuit‘
1528 1091 1679 1140 exstat,
1724 1089 1776 1131 de
1814 1101 1897 1144 qua
1935 1103 2020 1132 non
2061 1090 2122 1132 ita
2161 1088 2372 1146 frequenti
2411 1088 2593 1132 formula
2627 1087 2703 1132 cfr.

279 1160 341 1196 ea,
373 1158 480 1200 quae
510 1147 622 1189 idem
652 1146 707 1196 II,
740 1149 795 1190 55
826 1147 1073 1202 disputavit.
1123 1146 1299 1189 Praeter
1323 1146 1672 1189 consuetudinem
1702 1147 1892 1189 omnium
1921 1149 2157 1190 ceterorum
2187 1147 2442 1202 scriptorum
2466 1146 2512 1188 L.
2534 1144 2705 1189 Cassius

281 1205 347 1253 12,
381 1204 447 1254 13,
482 1204 503 1246 l
537 1216 597 1247 ac
627 1217 724 1247 cum
755 1205 945 1257 dignus
975 1204 1214 1247 coniunxit:
1245 1203 1370 1256 digne
1391 1215 1441 1246 30
1462 1215 1637 1255 mereor,
1668 1203 1781 1258 quod
1837 1215 1884 1246 ro
1909 1205 2162 1258 glossemate
2185 1204 2381 1247 habitum
2404 1215 2496 1247 esse
2520 1202 2705 1248 Orellius

276 1264 497 1302 memorat.
565 1261 674 1303 Loco
712 1262 944 1317 particulae
987 1274 1048 1304 ac
1077 1261 1262 1303 Plancus
1300 1261 1366 1310 10,
1406 1262 1446 1311 4,
1488 1262 1516 1302 4
1554 1273 1602 1303 ex
1641 1273 1758 1303 more
1793 1217 1938 1303 lPlaui
1975 1264 2019 1304 et
2049 1261 2250 1304 Varronis
2290 1264 2347 1304 ut
2394 1271 2492 1304 cum
2530 1260 2705 1317 proinde

279 1318 515 1361 coniunxit:
537 1317 658 1371 Quod
680 1320 715 1362 si
737 1319 924 1375 proinde,
941 1322 992 1362 ut
1012 1319 1102 1375 ipse
1119 1331 1294 1368 mereor,
1316 1316 1420 1360 mihi
1444 1318 1707 1361 successerit.
1751 1316 1894 1370 Quid?
1919 1320 2031 1373 quod
2052 1320 2272 1362 Dolabella
2292 1331 2390 1374 que
2410 1318 2464 1361 ad
2484 1319 2705 1362 nobiscum

278 1376 478 1419 adnexuit
515 1377 555 1425 9,
597 1377 636 1427 9,
678 1378 722 1419 1:
767 1377 845 1419 tibi
888 1377 1084 1428 suadere,
1125 1379 1175 1419 ut
1217 1378 1260 1418 te
1301 1378 1376 1418 aut
1416 1389 1515 1419 cum
1547 1375 1723 1419 Caesare
1761 1375 2066 1432 nobiscumque
2108 1376 2382 1432 coniungeres
2412 1378 2488 1420 aut
2518 1377 2632 1420 certe
2659 1376 2705 1420 iu

279 1434 415 1477 otium
443 1434 635 1477 referres.
695 1435 881 1490 Neque
925 1436 1095 1478 etiam
1137 1448 1211 1490 pro
1251 1447 1300 1476 ac
1336 1434 1584 1489 ne-quidem
1629 1436 1883 1490 usurpatum
1923 1437 1989 1478 est
2025 1436 2069 1477 in
2111 1448 2175 1491 ep.
2212 1434 2457 1478 Dolabellae
2495 1436 2535 1486 9,
2574 1437 2614 1486 9,
2655 1437 2703 1478 2:

278 1491 593 1535 Animadvertis
626 1492 699 1536 Cn.
732 1493 982 1549 Pompeium
1020 1506 1097 1536 nec
1135 1492 1317 1535 nominis
1348 1492 1413 1535 sui
1452 1505 1530 1539 nec
1561 1505 1701 1535 rerum
1732 1495 1953 1547 gestarum
1982 1493 2119 1547 gloria
2148 1504 2284 1547 neque
2316 1493 2446 1535 etiam
2474 1505 2625 1547 regum
2654 1505 2705 1536 ac

278 1550 500 1593 nationum
530 1551 749 1601 clienteliS,
790 1564 896 1605 quas
928 1553 1141 1594 ostentare
1173 1550 1318 1592 crebro
1349 1550 1531 1599 solebat,
1564 1562 1653 1593 esse
1690 1553 1848 1600 tutum,
1890 1553 2038 1593 contra
2068 1551 2112 1593 in
2154 1551 2276 1606 epist.
2308 1549 2497 1605 Pompeii
2528 1549 2579 1593 ad
2611 1551 2704 1593 Att.

280 1609 319 1656 8,
353 1608 420 1656 12,
447 1607 499 1648 D.
533 1608 583 1649 1:
616 1620 751 1661 neque
777 1609 921 1657 etiam,
953 1609 1024 1662 qui
1054 1620 1102 1649 ex
1123 1607 1357 1649 delectibus
1384 1607 1611 1661 conscripti
1638 1610 1738 1649 811111
1767 1620 1793 1649 3
1821 1607 2078 1658 consulibus,
2110 1609 2397 1650 convenerunt
2426 1606 2539 1649 idem
2566 1607 2705 1650 valere

278 1677 327 1707 30
364 1664 604 1717 nequedum
635 1665 776 1715 etiam,
808 1667 858 1708 111
885 1664 1002 1708 Caes.
1035 1665 1074 1707 b.
1103 1664 1179 1707 civ,
1205 1664 1241 1713 1,
1274 1664 1340 1713 58,
1371 1663 1424 1705 H.
1452 1664 1597 1706 Anton
1626 1663 1773 1717 Progr.
1793 1664 2084 1707 Halberstadt.
2119 1666 2244 1714 1869,
2275 1680 2315 1719 p.
2346 1666 2402 1706 22
2434 1678 2496 1718 sq.
2527 1664 2702 1706 demon-

279 1720 442 1765 stravit.
502 1719 584 1774 Qui
612 1721 724 1765 idem
755 1724 953 1766 accurate
984 1721 1178 1778 exposuit
1198 1720 1249 1764 de
1281 1720 1391 1764 etia
1403 1733 1592 1764 m-non
1622 1734 1699 1777 pro
1729 1720 2060 1777 ne-quidem
2089 1721 2241 1778 posito,
2272 1720 2385 1777 quod
2405 1720 2535 1765 estin
2557 1720 2705 1765 eadem

278 1791 342 1833 ep.
374 1778 618 1822 Dolabellae
656 1780 678 1834 ἓ
711 1782 761 1824 2;
805 1783 848 1824 01
887 1782 967 1824 hoc
1007 1781 1149 1831 etiam,
1194 1779 1306 1833 quod
1346 1780 1491 1821 infimo
1534 1779 1684 1834 cuique
1726 1779 1923 1833 contigit,
1960 1779 2024 1822 illi
2059 1792 2145 1823 non
2181 1791 2305 1835 posse
2345 1779 2610 1833 contingere,
2655 1782 2705 1822 ut

277 1837 456 1878 honeste
487 1836 670 1888 effugere
701 1839 848 1892 possit.
881 1861 936 1867 -—-
967 1839 1032 1880 De
1060 1837 1248 1878 nedum
1279 1858 1334 1864 -—
1365 1836 1457 1877 sed
1488 1837 1671 1886 etiam,
1713 1837 1826 1890 quod
1854 1838 1899 1878 in
1929 1849 1993 1891 ep.
2025 1837 2148 1879 Balbi
2178 1838 2221 1879 et
2244 1836 2369 1892 Oppii
2399 1836 2452 1879 ad
2482 1838 2573 1878 Att.
2605 1838 2646 1887 9,
2679 1838 2704 1879 7

277 1893 327 1935 A.
363 1892 384 1934 1
419 1894 485 1936 est
527 1890 714 1946 (Nedum
742 1894 963 1938 hominum
993 1893 1231 1943 humilium,
1262 1894 1312 1935 ut
1342 1907 1418 1935 nos
1451 1906 1611 1943 sumus,
1654 1893 1728 1936 sed
1758 1893 1887 1936 etiam
1918 1894 2274 1949 amplissimorum
2309 1894 2494 1936 virorum
2531 1894 2706 1938 consilia

278 1963 327 1993 ex
358 1952 525 2000 eventu,
556 1964 641 1994 non
673 1965 721 1995 ex
755 1952 976 1996 voluntate
1006 1966 1031 1996 a
1060 1951 1273 2007 plerisque
1309 1949 1478 2006 probari
1510 1950 1661 2001 solent,
1702 1952 1847 1994 tamen
1877 1950 1976 1994 freti
2006 1954 2081 1994 tua
2110 1950 2377 1994 humanitate
2408 1975 2464 1980 —
2495 1950 2573 1995 tibi
2601 1963 2704 1995 con-

279 2008 421 2051 silium
446 2007 672 2064 dabimus),
704 2013 831 2062 recte,
862 2012 913 2054 ut
937 2011 1097 2066 opinor,
1129 2008 1324 2051 Handius
1352 2008 1537 2051 iudicat:
1568 2007 1717 2061 „Quod
1741 2008 1939 2052 dicebant
1962 2008 2229 2062 grammatici
2258 2008 2361 2052 ned
2375 2021 2461 2052 um
2489 2007 2706 2053 interdum

278 2066 377 2118 poni
420 2079 496 2120 pro
537 2080 642 2110 non
683 2069 869 2119 solum,
911 2070 1114 2123 sequente
1146 2067 1233 2110 sed
1265 2066 1444 2117 etiam,
1486 2065 1528 2108 id
1571 2066 1624 2108 ab
1666 2067 1758 2122 ipsa
1793 2066 2026 2123 particulae
2061 2069 2216 2110 natura
2259 2067 2484 2110 abhorrere
2524 2065 2703 2110 videtur.

277 2123 375 2166 Huc
405 2124 581 2173 accedit,
614 2126 724 2180 quod
756 2127 800 2168 in
831 2126 972 2169 codice
1002 2125 1116 2168 Med.
1149 2126 1242 2167 loco
1273 2123 1457 2175 ,nedum‘
1489 2126 1656 2173 ,1110111116
1689 2126 1731 2167 01
1760 2125 1894 2167 311010
1924 2125 2016 2167 1000
2049 2123 2120 2179 (ad
2152 2124 2245 2167 Att.
2279 2125 2346 2176 10,
2380 2125 2433 2167 16
2463 2121 2604 2180 extr.),
2633 2125 2706 2182 qui

278 2181 391 2224 illius
433 2181 640 2226 formulae
682 2185 886 2227 tutandae
927 2197 1056 2228 causa
1094 2183 1282 2230 affertur.
1316 2183 1513 2233 ,novum‘,
1548 2195 1633 2224 non
1665 2182 1848 2233 ,nedum‘
1879 2184 2032 2225 exstat.
2093 2182 2247 2225 Nescio
2278 2196 2333 2225 an
2363 2183 2492 2225 verba
2522 2181 2706 2233 ,Nedum

277 2240 390 2280 hom.
412 2239 648 2290 humilium,
679 2244 729 2284 111
753 2255 831 2285 1108
852 2244 1012 2285 sumus‘
1044 2240 1312 2294 glossematis
1333 2240 1424 2281 loco
1449 2239 1630 2292 margini
1650 2240 1844 2295 apposita
1863 2239 2009 2282 addito
2030 2239 2131 2290 ,sed‘
2160 2240 2203 2281 in
2231 2240 2437 2296 principio
2457 2239 2705 2290 sententiae,

279 2307 387 2349 quae
417 2296 507 2338 sine
537 2297 596 2340 eis
626 2298 733 2341 bene
765 2299 966 2353 procedit,
998 2298 1138 2354 posita
1170 2297 1266 2340 sint.
1328 2295 1594 2338 Praeteriens
1626 2308 1907 2339 commemoro
1939 2299 2132 2352 ,01100110δ
2168 2309 2254 2339 11011
2289 2309 2365 2340 8110
2396 2298 2489 2340 1000
2518 2296 2707 2353 positum

280 2366 371 2396 esse
402 2353 446 2396 in
477 2367 541 2409 ep.
574 2355 820 2399 Dolabellae
851 2358 890 2407 9,
921 2359 948 2399 9
980 2359 1110 2399 extr.:
1142 2355 1234 2398 Erit
1264 2357 1364 2397 tuae
1396 2366 1562 2409 quoque
1593 2355 1689 2397 fidei
1720 2358 1764 2397 et
1792 2354 2073 2398 humanitatis
2105 2367 2265 2405 curare,
2296 2357 2346 2397 111
2377 2355 2414 2398 is
2443 2354 2704 2407 tabellarius,

279 2424 406 2465 quem
438 2411 516 2455 tibi
546 2413 701 2464 remisi,
732 2415 886 2457 reverti
917 2415 1063 2469 possit.
1124 2413 1175 2456 In
1206 2425 1335 2466 quam
1366 2424 1455 2454 rem
1487 2412 1667 2454 conferri
1697 2413 1821 2455 velim
1848 2413 1925 2455 hos
1959 2426 2008 2455 ex
2038 2413 2155 2455 Livio
2195 2413 2352 2468 petitos
2381 2413 2518 2455 locos:
2564 2414 2605 2463 4,
2636 2413 2705 2462 56,

279 2469 355 2510 13:
398 2481 475 2525 per
510 2482 554 2512 se
586 2483 765 2526 quoque,
799 2473 838 2519 6,
880 2473 948 2522 20,
988 2472 1038 2514 7:
1083 2471 1135 2514 ad
1167 2471 1272 2512 haec
1312 2469 1463 2512 decora
1494 2482 1657 2524 quoque
1702 2470 1814 2520 belli,
1860 2470 1926 2522 10,
1966 2471 2032 2521 14,
2077 2472 2117 2513 9.
2177 2471 2247 2522 22,
2280 2470 2346 2522 14,
2380 2469 2456 2514 15:
2498 2468 2552 2514 ad
2582 2469 2705 2514 aures

276 2540 453 2629 3313&
474 2529 674 2639 ffi'ismm'
707 2528 1575 2642 {Ze333r3².1¹3n”33³{0‘1¹13¹121‘1¹1¹1¹1‘3
1605 2528 2142 2628 {ffiffiuffibzznssffiffla
2170 2529 2434 2630 ξιξῑιέοιςιιῖἐ,
2448 2528 2704 2641 ξ’ἐὲθέηιῖῗ

276 2642 399 2685 Bruti
439 2646 482 2686 et
513 2642 646 2687 Cassii
689 2645 742 2688 ad
777 2646 1011 2688 Antonium
1055 2645 1155 2687 data
1198 2646 1237 2691 4.
1279 2645 1318 2691 3,
1361 2643 1410 2684 4:
1457 2643 1521 2684 Tu
1563 2643 1691 2685 etiam
1730 2646 1859 2697 atque
1896 2644 2026 2686 etiam
2062 2643 2167 2692 vide,
2208 2644 2280 2698 0111
2349 2643 2566 2699 suscipias,
2605 2643 2707 2698 quid

277 2700 486 2743 sustinere
517 2702 666 2756 possis,
697 2715 846 2757 neque,
880 2715 1008 2758 quam
1039 2702 1113 2745 diu
1148 2701 1290 2743 vixerit
1316 2699 1480 2749 Caesar,
1514 2700 1586 2743 sed
1619 2713 1746 2755 quam
1777 2713 1861 2743 non
1892 2700 1966 2743 diu
1995 2700 2195 2754 regnarit,
2232 2701 2300 2744 fac
2331 2700 2504 2756 cogites.
2548 2699 2707 2744 Contra

276 2757 337 2799 illi
367 2759 538 2811 regulae
570 2758 961 2813 grammaticorum,
1003 2760 1235 2802 secundum
1274 2770 1400 2811 quam
1431 2758 1482 2799 ad
1516 2759 1691 2800 verbum
1723 2762 1912 2812 ,parum‘,
1958 2770 2055 2801 cum
2094 2759 2137 2800 in
2168 2770 2217 2801 00
2247 2759 2331 2801 iam
2360 2762 2561 2802 mensura
2586 2757 2705 2807 insit,

275 2827 354 2858 nec
385 2818 502 2864 ,13111ὁ
533 2828 610 2858 1100
652 2819 807 2870 ,quam‘
838 2818 936 2860 addi
968 2818 1106 2864 debet,
1151 2828 1233 2858 non
1267 2815 1578 2869 obtemperasse
1621 2815 1789 2856 videtur
1819 2813 1984 2858 Caelius
2015 2815 2053 2865 8,
2096 2815 2161 2865 10,
2193 2816 2241 2857 3:
2286 2814 2413 2859 Nosti
2442 2813 2705 2865 Marcellum,

277 2884 404 2926 quam
435 2873 584 2916 tardus
624 2877 668 2916 et
698 2888 847 2928 parum
879 2875 1028 2917 efficax
1060 2875 1129 2924 sit,
1169 2873 1244 2916 sed
1276 2872 1463 2914 excusari
1494 2874 1637 2926 potest
1668 2874 1711 2914 et
1742 2873 1972 2926 praemisso
2004 2872 2180 2923 ,tardus‘
2211 2876 2255 2915 et
2297 2886 2359 2924 eo,
2398 2873 2511 2928 quod
2542 2883 2706 2928 ,parum

276 2928 438 2972 efficax‘
470 2930 590 2984 quasi
620 2931 663 2973 111
694 2945 823 2975 11113111
854 2933 1082 2983 notionem,
1114 2932 1231 2975 velut
1262 2932 1414 2982 segnis,
1447 2928 1658 2972 coalescit.
1720 2929 1872 2973 Restat
1912 2942 2022 2973 unus
2064 2930 2194 2981 100118,
2238 2943 2321 2986 0110
2361 2930 2552 2986 quamvis
2585 2928 2706 2973 nulla

275 2987 457 3029 varietas
488 2988 682 3031 lectionis
707 2990 775 3038 sit,
807 2993 953 3036 tamen
981 2990 1183 3032 mendum
1214 2990 1347 3030 latere
1378 2987 1579 3041 suspicor.
1641 2987 1689 3028 In
1729 2987 1933 3042 principio
1977 2988 2089 3029 enim
2130 3001 2194 3042 ep.
2228 2988 2376 3044 Lepidi
2413 2988 2467 3030 ad
2507 2989 2704 3035 senatum

276 3044 562 3100 populumque
604 3045 843 3091 Romanum
882 3047 1035 3091 missae
1078 3047 1182 3090 haec
1229 3045 1420 3089 exstant:
1473 3043 1583 3088 Deos
1625 3044 1897 3100 hominesque
1939 3046 2088 3094 testor,
2125 3047 2285 3100 ·patres
2329 3044 2572 3100 conscripti,
2621 3057 2707 3099 qua

275 3104 417 3143 mente
449 3105 492 3144 et
522 3115 605 3157 quo
637 3104 776 3146 animo
809 3116 976 3160 semper
1005 3105 1049 3147 in
1080 3103 1383 3160 rempublicam
1417 3099 1569 3143 fuerim
1607 3104 1650 3144 et
1681 3113 1807 3157 quam
1839 3102 1944 3145 nihil
1974 3102 2190 3158 antiquius
2234 3102 2448 3146 communi
2487 3101 2626 3146 salute
2654 3112 2706 3145 ac

275 3158 471 3201 libertate
502 3161 733 3203 iudicarim.
796 3163 989 3204 Primum
1021 3162 1209 3204 offendor
1243 3159 1455 3202 sententia
1496 3158 1799 3212 interrogativa
1837 3160 2055 3211 indirecta,
2097 3160 2317 3215 siquidem,
2356 3162 2567 3216 quantum
2604 3158 2704 3208 scio,

274 3216 450 3259 verbum
481 3217 668 3260 testandi
699 3232 865 3274 semper
894 3233 980 3262 acc.
1014 3234 1047 3262 0.
1079 3219 1152 3261 inf.
1181 3217 1372 3273 sequitur
1404 3214 1558 3270 (oratio
1584 3218 1699 3259 recta
1725 3220 1790 3259 est
1817 3230 1883 3272 ap.
1907 3216 1992 3260 Cic.
2020 3230 2082 3272 pr.
2111 3217 2213 3260 Suu.
2240 3216 2263 3271 5
2292 3215 2381 3272 35),
2411 3216 2562 3274 deinde
2593 3215 2706 3271 quod

276 3285 427 3330 quam
464 3275 609 3319 nihil
650 3274 743 3332 (cfr.
776 3277 890 3322 locos
921 3278 974 3322 ab
1005 3277 1187 3323 Ellendt.
1220 3275 1273 3321 ad
1305 3273 1388 3320 Cic.
1431 3272 1553 3317 Brut.
1590 3272 1613 3329 ξ
1644 3274 1728 3319 217
1762 3272 1936 3333 allatos)
1967 3287 2135 3334 semper
2164 3276 2406 3333 germanico
2438 3273 2526 3328 ,wie
2553 3271 2707 3331 wenig⁴
