2887 3652
1328 265 1333 266 .
1412 205 1531 267 9..

224 346 372 395 invicti
409 345 454 389 et
487 342 637 397 Vcncj.
677 343 718 394 2,
753 343 795 394 3,
837 343 884 387 2:
925 343 1089 387 intaeta
1123 342 1370 399 perniciosis
1412 344 1596 388 consiliis
1632 342 1751 397 plebs
1793 340 1896 398 (quo
1935 343 2027 386 loco
2075 341 2196 386 facile
2236 345 2411 399 propter
2449 345 2646 389 ultimam

225 407 413 450 litteram
441 400 559 445 verbi
587 400 750 443 intacta
779 413 805 443 a
834 400 1022 444 excidere
1062 397 1236 456 potuit).

339 457 601 515 Praepositio
649 469 712 500 ex
759 470 933 501 causam
975 457 1190 512 significat
1235 458 1302 508 16,
1343 458 1412 509 21,
1451 460 1499 501 3:
1545 457 1754 524 Quoniam
1790 457 1921 512 igitur
1963 460 2055 501 tuin
2096 469 2146 500 ex
2186 469 2255 500 me
2293 458 2485 514 doluisti,
2532 454 2644 515 quod

226 517 365 567 Hand.
402 516 526 562 Ture.
557 514 620 566 11,
660 515 745 558 636
787 514 977 559 01881081
1013 515 1232 566 attribuit,
1284 527 1382 558 cum
1421 516 1476 560 sit
1515 515 1593 558 filii
1633 515 1733 559 eius.
1806 513 1965 559 Eadem
2005 516 2169 559 ratione
2209 515 2289 558 hac
2334 517 2643 582 praepositione

225 577 363 622 utitur
388 573 573 618 Plancus
604 573 672 629 10,
710 573 779 624 21,
819 573 866 615 7:
911 585 962 616 ex
999 573 1143 616 labore
1181 573 1227 615 in
1267 572 1513 616 febriculam
1549 573 1710 616 incidit.
1770 572 1890 615 Idem
1927 574 1980 617 ab
2016 586 2097 616 usu
2136 571 2360 626 Ciceronis,
2401 573 2475 639 qui
2502 575 2643 627 metiri

226 632 384 688 aliquid
412 631 555 696 aliqua
584 642 629 672 re
659 630 778 681 dixit,
816 630 1021 680 discessit,
1052 642 1150 672 cum
1181 631 1248 681 10,
1279 631 1320 681 4,
1350 632 1377 671 2
1406 630 1531 674 dixit:
1562 643 1691 685 quam
1722 643 1799 685 ego
1829 643 1894 674 8ι
1907 643 2003 673 8188
2031 630 2289 673 conscientia
2318 630 2482 685 metior.

340 686 655 744 Praepositione
702 687 761 730 de
807 700 894 730 non
944 687 1082 730 solum
1126 686 1186 739 ei,
1242 687 1315 742 qui
1366 687 1443 730 has
1493 688 1662 731 litteras
1718 687 1997 742 scripserunt,
2049 688 2124 732 sed
2175 685 2321 730 Cicero
2369 700 2536 743 quoque
2581 688 2644 732 ita

225 748 420 796 utuntur,
464 747 514 788 ut
550 756 626 800 per
668 756 763 787 eain
803 745 856 787 ab
895 756 981 787 una
1016 756 1062 787 re
1094 744 1149 787 ad
1186 744 1364 788 alteram
1400 746 1620 789 transeant
1657 747 1733 787 aut
1761 745 1847 787 vim
1877 745 2003 787 811081
2033 745 2125 788 voci
2153 744 2326 788 addant.
2387 743 2471 788 011.
2502 744 2641 788 Η880.

226 804 346 847 Τ818.
377 802 434 853 Π,
464 802 563 845 212.
621 799 758 853 Quam
786 801 831 844 in
860 814 952 844 rem
980 801 1252 845 conferantur
1278 801 1324 844 hi
1353 801 1452 845 loci:
1493 803 1533 852 8,
1564 802 1604 851 4,
1636 802 1664 843 4
1702 799 1905 856 (0881188)
1946 802 2025 844 tibi
2054 814 2179 846 curae
2208 801 2339 845 fuisse
2376 796 2432 844 00
2460 800 2642 845 Sittiano

225 860 394 915 1183οι10
423 858 601 915 gaudeo,
644 859 710 910 10,
742 859 810 909 24,
851 860 877 901 2
909 856 1131 914 (Plancus)
1161 858 1226 902 De
1254 858 1440 902 militum
1469 858 1700 903 commodis
1729 858 1812 902 fuit
1840 858 1918 901 tibi
1947 871 2084 911 cume,
2127 859 2299 910 12,14,
2340 859 2368 901 3
2397 856 2641 914 (Lentulus)

226 919 290 961 De
319 918 468 960 nostra
495 916 704 971 dignitate
733 917 873 967 velim,
904 920 954 959 ut
985 925 1152 972 semper
1179 916 1259 959 tibi
1288 928 1411 959 curae
1440 917 1520 967 sit,
1560 916 1615 958 ad
1644 917 1735 958 Att
1766 917 1892 967 9,15
1906 918 1945 958 A
1995 917 2155 960 Matius
2184 919 2229 959 et
2257 914 2503 971 Trebatius)
2537 929 2642 972 quo-

227 976 342 1018 niam
371 973 426 1017 de
454 973 640 1016 adventu
669 971 861 1017 Caesaris
896 986 972 1029 pro
1013 977 1128 1017 certo
1167 974 1445 1023 habebamus,
1487 973 1631 1024 11,9,
1672 974 1694 1014 1
1727 971 1798 1027 (D.
1829 973 1987 1016 Brutus
2043 973 2157 1016 Nam
2184 973 2238 1015 de
2274 973 2464 1017 Pollione
2493 975 2640 1026 Asinio

225 1034 329 1086 puto
360 1033 405 1074 te
434 1029 681 1086 perspicere,
712 1030 814 1085 quid
838 1029 1029 1074 facturus
1055 1031 1122 1074 sit.
1170 1029 1315 1083 Quid?
1346 1031 1457 1085 quod
1477 1030 1717 1074 accusativo
1742 1042 1839 1072 cum
1863 1030 2068 1074 infinitivo
2092 1030 2317 1074 coniuncto
2337 1020 2639 1085 praemittitur,

226 1089 343 1134 velut
377 1088 444 1139 11,
475 1089 515 1139 2,
546 1088 574 1130 3
604 1085 786 1142 (Brutus
816 1089 861 1131 et
882 1086 1099 1142 Cassius):
1129 1099 1226 1131 cum
1257 1087 1309 1130 de
1339 1088 1459 1131 nobis
1488 1089 1656 1131 certum
1686 1087 1743 1130 sit
1772 1099 1848 1130 nos
1878 1087 2107 1154 quieturos,
2138 1086 2190 1131 de
2221 1099 2304 1142 quo
2335 1087 2533 1142 loquendi
2560 1100 2640 1142 usu

227 1119 515 1189 conferendus
532 1147 599 1188 est
627 1143 862 1195 Stinnerus,
892 1146 966 1200 qui
994 1146 1155 1201 haecp
1157 1146 1252 1188 ,69
1279 1145 1461 1211 profert.
1493 1145 1647 1196 ,Nihilo
1678 1147 1822 1187 tamen
1851 1145 1986 1188 secius
2016 1145 2061 1187 in
2089 1145 2279 1201 epistolis
2306 1145 2476 1197 cuidam
2501 1145 2641 1188 minus

225 1205 421 1258 comptae
461 1202 643 1245 orationi
689 1202 832 1244 deberi
873 1202 1040 1245 videtur
1086 1158 1232 1245 eadem
1276 1202 1350 1244 illa
1388 1178 1559 1245 licen'tia
1605 1202 1743 1244 multo
1783 1202 1918 1254 magis
1954 1202 2233 1255 frequentata.
2304 1190 2397 1244 Nec
2435 1203 2484 1246 in
2526 1205 2642 1245 tran·

222 1259 445 1305 sitionibus
474 1259 618 1311 modo,
648 1271 756 1315 quae
785 1259 830 1303 in
861 1259 1049 1316 epistolis
1080 1259 1404 1326 praepositionis
1441 1259 1499 1303 de
1535 1272 1619 1303 usu
1648 1258 1891 1325 saepissime
1921 1257 2185 1312 adiuvantur,
2229 1257 2392 1313 018810
2404 1250 2640 1314 emtionem

222 1319 284 1363 ita
313 1316 610 1369 conformavit,
648 1317 722 1362 sed
752 1318 991 1374 ubicunque
1021 1318 1107 1364 vim
1137 1317 1264 1367 811081
1292 1318 1385 1361 voci
1414 1318 1512 1361 8001
1542 1306 1724 1369 volebat,
1767 1316 1940 1360 18181188
1969 1319 2035 1361 88ι
2063 1317 2240 1372 eandem
2274 1310 2396 1372 111881
2421 1308 2640 1362 licentiam

221 1377 502 1433 aspernatus.⁶
549 1376 635 1419 Alii
664 1376 758 1427 loci,
788 1376 942 1431 quibus
971 1376 1227 1432 praepositio
1257 1376 1319 1419 de
1347 1376 1549 1420 inusitate
1733 1377 1781 1418 ta
1809 1377 1888 1426 est,
1919 1376 1964 1418 hi
1991 1375 2078 1419 fere
2103 1378 2227 1419 sunt:
2259 1376 2301 1428 8,
2319 1368 2360 1428 6,
2389 1375 2411 1419 1
2432 1373 2639 1437 (Caelius)

221 1446 322 1478 cum
347 1446 432 1488 quo
462 1457 519 1463 —
550 1433 722 1480 11081188
757 1433 840 1478 tibi
876 1434 927 1476 de
969 1436 1064 1478 tota
1102 1433 1158 1476 re'
1177 1436 1302 1485 esset,
1343 1433 1383 1484 8,
1416 1434 1453 1484 7,
1487 1434 1507 1476 1
1541 1431 1674 1488 (idem
1731 1433 1784 1475 (18
1821 1433 1920 1476 08111
1945 1432 2135 1476 Parthici
2173 1433 2359 1488 periculo
2397 1428 2639 1483 cruciabor:

223 1491 291 1541 11,
331 1492 371 1541 2,
410 1492 438 1532 3
475 1489 655 1602 §limus
694 1493 738 1533 et
775 1489 985 1545 Cassius):
1027 1491 1211 1534 maximo
1258 1491 1409 1534 timore
1449 1491 1510 1534 de
1547 1490 1701 1534 nobis
1747 1489 1992 1533 afficiuntur
2034 1490 2158 1534 amici
2201 1490 2350 1535 nostri.
2412 1490 2482 1542 11,
2526 1491 2566 1542 9,
2613 1492 2638 1532 2

222 1546 292 1601 (D
324 1547 485 1591 Brutus
575 1561 612 1591 81
641 1547 750 1591 forte
780 1547 898 1590 vobis
928 1548 972 1590 id
1000 1548 1053 1591 de
1080 1548 1162 1591 hoe
1191 1548 1367 1591 dubium
1397 1550 1474 1599 est,
1505 1548 1579 1602 qui
1607 1548 1727 1591 locus
1757 1544 1931 1603 propter
1960 1547 2151 1592 additum
2175 1547 2244 1599 ,id‘
2275 1548 2529 1602 conspicuus
2558 1551 2638 1597 est,

221 1604 333 1659 quod
362 1607 497 1648 recte
508 1603 652 1648 Cicero
684 1604 827 1648 omisit
856 1605 911 1648 ad
940 1606 1033 1649 Att.
1067 1606 1134 1656 11,
1164 1606 1213 1648 6.
1245 1605 1308 1648 De
1337 1605 1527 1670 Pompeii
1555 1605 1675 1648 exitu
1702 1604 1808 1647 mihi
1836 1604 2012 1646 dubium
2040 1617 2258 1659 nunquam
2287 1604 2381 1647 fuit.

336 1661 600 1718 Praepositio
630 1662 700 1713 ,18*
731 1673 828 1705 cum
858 1674 944 1706 800.
977 1662 1199 1708 0088111818
1225 1662 1388 1707 180108ι
1416 1662 1460 1706 18
1490 1661 1640 1713 Planci
1670 1661 1850 1717 epistola
1884 1662 1949 1713 10,
1979 1661 2048 1712 23,
2079 1662 2129 1705 3:
2159 1674 2326 1714 manus,
2357 1674 2469 1717 quas
2482 1661 2639 1706 iustius

219 1720 263 1762 in
283 1719 434 1774 Lepidi
463 1719 693 1774 perniciem
721 1722 941 1765 armasset.
1002 1718 1084 1771 Qui
1113 1720 1202 1762 eius
1231 1719 1558 1775 praepositionis
1584 1731 1688 1761 usus
1718 1719 1799 1761 etsi
1829 1719 1942 1774 apud
1967 1720 2220 1775 posteriores
2250 1719 2479 1774 scriptores
2501 1719 2638 1762 multo

219 1776 349 1819 latius
378 1778 513 1832 patet,
542 1776 616 1831 qui
645 1776 702 1827 ,in
731 1776 935 1819 honorem
963 1776 1153 1820 alicuius‘
1182 1789 1258 1832 pro
1282 1777 1466 1828 ,honoris
1485 1777 1627 1820 causa‘
1651 1778 1696 1818 et
1715 1775 1869 1818 similia
1895 1776 2100 1827 dixerunt,
2131 1779 2276 1819 tamen
2305 1788 2458 1828 aureae
2479 1776 2640 1827 aetatis

219 1835 414 1879 auctores
443 1845 493 1877 eo
516 1845 603 1877 non
631 1845 803 1890 prorsus
833 1833 1086 1878 abstinuisse
1110 1833 1381 1889 grammatici
1410 1833 1573 1878 docent.
1635 1832 1793 1877 Contra
1815 1845 1841 1876 a
1867 1844 1967 1877 suae
1997 1833 2150 1877 aetatis
2179 1825 2483 1877 consuetudine
2501 1833 2637 1898 10838

218 1891 441 1934 recessisse
472 1891 720 1946 putandus
734 1893 802 1933 est
837 1891 952 1934 idem
987 1891 1184 1942 Plancus,
1227 1904 1325 1934 cum
1363 1892 1430 1942 10,
1469 1891 1537 1942 24,
1578 1891 1601 1933 1
1642 1891 1830 1946 scripsit:
1874 1891 2029 1933 Facere
2070 1903 2157 1933 non
2195 1903 2391 1947 possum,
2441 1891 2544 1946 quin
2581 1891 2637 1933 in

219 1948 407 2003 singulas
435 1961 504 1992 res
532 1949 768 2003 meritaque
798 1950 875 1991 tua
903 1949 982 1991 tibi
1011 1949 1170 2002 gratias
1199 1961 1335 2003 agam,
1364 1949 1438 1991 ubi
1465 1949 1558 1991 loco
1589 1949 1690 1999 ,in‘
1731 1949 1873 2003 p,ro‘
1903 1952 2208 2003 exspectamus.

333 2005 394 2050 In
421 2018 456 2048 c.
478 2006 560 2050 abl.
586 2029 644 2036 -—
666 2005 805 2050 Naves
831 2005 886 2049 in
914 2019 1049 2061 aqua
1070 2007 1200 2050 habe
1212 2019 1266 2050 re
1289 2020 1356 2062 ap.
1383 2006 1614 2050 Lentulum
1636 2004 1811 2061 (12,15,
1834 2003 1880 2060 2)
1898 2006 2037 2049 801818
2059 2006 2281 2049 invenitur.
2320 1987 2634 2049 Enuntiationis

217 2062 306 2110 vice
336 2063 570 2109 secundum
606 2053 734 2109 Hand
762 2062 841 2116 ΙΠ,
882 2063 968 2108 259
1010 2062 1204 2119 fungitur
1241 2064 1298 2117 ,in
1337 2063 1503 2108 damno
1525 2075 1647 2108 meae
1683 2063 1847 2117 laudis‘,
1886 2063 1998 2119 quod
2035 2065 2102 2108 est
2143 2063 2187 2107 18
2229 2075 2280 2119 ep
2281 2063 2407 2108 istola
2446 2063 2636 2108 81880818

217 2121 375 2166 Planci
394 2123 459 2174 10,
490 2123 530 2173 8,
562 2123 611 2164 7:
649 2122 694 2165 18
732 2122 774 2165 d.
804 2135 860 2164 m.
899 2123 926 2165 1.
957 2122 1213 2178 reipublicae
1242 2122 1460 2166 commodo
1489 2123 1682 2172 laetabor
1710 2123 1736 2164 i.
1767 2135 1802 2165 e.
1833 2121 1999 2165 8ι181881
2035 2121 2158 2164 18808
2195 2122 2345 2177 priver
2406 2121 2507 2165 Jam
2535 2133 2635 2165 vero

216 2179 267 2221 in
315 2179 556 2222 victoria
598 2179 736 2222 tribus
787 2180 890 2222 loeis
937 2180 1171 2231 invenitur,
1222 2181 1267 2222 in
1317 2179 1446 2223 088111
1490 2180 1669 2236 epistola
1713 2180 1870 2231 8,15,
1924 2180 1971 2220 1:
2027 2179 2213 2234 Ecquem
2263 2169 2409 2231 autem
2455 2178 2633 2223 Caesare

216 2238 363 2283 nostro
400 2237 605 2281 acriorem
649 2236 694 2279 18
732 2237 858 2281 18088
898 2237 1105 2291 gerendis,
1152 2238 1299 2281 eodem
1339 2238 1383 2280 18
1422 2237 1598 2281 victoria
1645 2237 1988 2293 temperatiorem
2024 2239 2100 2279 aut
2140 2236 2282 2290 legisti
2321 2227 2399 2279 aut
2438 2236 2631 2280 audisti?

219 2294 286 2345 11,
307 2294 386 2346 28,
416 2296 444 2337 2
472 2292 700 2348 (Matius):
739 2294 891 2348 Itaque
919 2294 964 2336 in
992 2294 1168 2338 victoria
1196 2295 1377 2338 hominis
1406 2295 1633 2338 necessarii
1661 2307 1798 2348 neque
1827 2294 1996 2337 honoris
2024 2306 2160 2348 neque
2189 2294 2392 2348 pecuniae
2411 2293 2632 2336 dulcedine

217 2362 311 2394 suin
342 2352 505 2406 captus,
536 2350 719 2406 denique
746 2351 792 2394 18
820 2351 955 2394 Asinii
975 2351 1177 2399 Pollionis
1206 2351 1392 2408 epistola
1418 2351 1483 2402 10,
1515 2352 1585 2403 34,
1616 2352 1656 2394 4.
1707 2350 1975 2401 Simillimum
1995 2353 2071 2402 est,
2103 2350 2214 2405 quod
2235 2350 2348 2406 apud
2375 2348 2566 2394 Caelium
2591 2351 2632 2402 8,

219 2408 285 2460 14,
318 2409 341 2453 1
372 2409 602 2454 invenitur:
643 2407 873 2464 Nunquam
909 2409 986 2452 tibi
1023 2409 1135 2452 00811
1162 2408 1411 2460 doluissent,
1451 2409 1485 2452 81
1517 2409 1568 2452 18
1604 2409 1823 2465 repulsa
1853 2408 2029 2452 Domitii
2058 2408 2219 2452 voltum
2246 2407 2435 2457 vidisses.
2498 2407 2632 2451 Voces

215 2466 415 2511 victoriae
444 2469 490 2511 et
518 2467 712 2523 repulsae
741 2466 786 2509 in
814 2479 990 2510 8881810
1023 2480 1169 2515 earum
1194 2467 1432 2510 habendam
1461 2480 1554 2511 esse
1582 2470 1700 2523 puto,
1731 2467 1958 2522 dequibus
1989 2466 2126 2509 Hand.
2155 2466 2275 2509 Turs.
2304 2465 2382 2517 III,
2413 2466 2500 2509 284
2526 2466 2633 2509 haec

216 2523 411 2579 profert.
447 2523 655 2575 Nomina,
697 2536 805 2579 quae
832 2537 918 2567 808
955 2525 1096 2591 ipsum
1132 2527 1301 2580 tempus
1332 2525 1585 2580 significant,
1626 2524 1701 2579 sed
1730 2537 1822 2568 rem
1850 2525 1896 2568 18
1926 2527 2114 2580 tempore
2144 2523 2353 2578 agendam
2380 2524 2449 2566 vel
2477 2525 2631 2574 actam,

216 2583 261 2625 et
289 2581 574 2627 conditionem
604 2584 650 2626 8ι
678 2584 842 2626 statum
870 2582 943 2633 rei,
985 2583 1039 2625 in
1068 2582 1421 2648 praepositionem
1451 2585 1693 2633 assumunt,
1740 2582 1909 2637 quando
1946 2595 2031 2625 non
2060 2581 2305 2636 simpliciter
2332 2583 2516 2635 tempus,
2547 2593 2631 2636 quo

216 2638 318 2693 quid
347 2638 510 2683 factum
538 2639 609 2690 sit,
650 2639 725 2681 sed
763 2642 905 2683 totum
935 2640 1137 2696 temporis
1177 2640 1363 2696 spatium
1390 2640 1474 2682 vel
1487 2652 1635 2683 cursus
1675 2641 1765 2683 8188
1796 2642 1924 2695 atque
1962 2639 2218 2681 diuturnitas
2247 2638 2503 2680 nominatur.
2564 2638 2631 2680 Ab

271 2696 473 2740 timorum
499 2699 645 2743 autem
664 2697 921 2752 scriptorum
942 2709 1025 2740 usu
1054 2697 1248 2740 discessit
1267 2697 1485 2748 Lentulus,
1517 2710 1616 2740 cum
1642 2697 1811 2752 scripsit
1836 2698 1902 2747 12,
1928 2697 1994 2747 14,
2015 2697 2065 2738 3:
2095 2696 2245 2749 Itaque
2265 2695 2415 2745 eadem
2434 2696 2633 2750 superbia

216 2708 409 2809 (Rhodii)
390 2751 494 2809 )in
532 2753 817 2810 pravitate
846 2756 1041 2806 utuntur,
1072 2754 1185 2810 quod
1214 2754 1275 2798 sic
1303 2754 1611 2810 interpreteris.
1650 2754 1695 2797 in
1724 2754 1931 2819 pravitate
1961 2765 2037 2797 sua
2065 2753 2132 2795 vel
2162 2764 2245 2807 qua
2275 2752 2487 2808 pravitate
2516 2755 2631 2796 sunt.

215 2810 342 2866 Apud
372 2811 566 2864 eundem,
586 2823 724 2878 ‘quem
751 2810 933 2858 Otellius
962 2812 1077 2855 haud
1107 2812 1316 2868 optimum
1343 2812 1554 2856 8011088οι
1583 2812 1793 2879 artificem
1818 2811 2019 2861 nominat,
2062 2811 2129 2861 12,
2163 2811 2229 2857 15.
2260 2811 2287 2852 3
2317 2812 2403 2853 est:
2443 2809 2633 2854 Rhodios

216 2870 359 2912 autem
392 2871 555 2914 tanta
583 2869 638 2912 in
667 2869 955 2926 pravitate
984 2870 1277 2922 animadverti,
1315 2870 1389 2913 ubi
1419 2872 1536 2922 ,‘esse
1567 2868 1735 2925 (graece
1766 2864 1893 2910 ὅνια
1875 2868 1913 2922 )
1943 2867 2216 2912 desideratur
2283 2866 2378 2911 Hac
2414 2868 2634 2934 occasione

217 2925 360 2971 oblata
399 2929 563 2972 ceteras
601 2927 836 2972 locutiones
875 2940 1122 2972 enumerare
1157 2927 1276 2979 libet,
1315 2941 1422 2983 quae
1457 2928 1501 2971 in
1539 2928 1607 2971 his
1646 2927 1833 2982 epistolis
1872 2939 1946 2981 per
1982 2925 2154 2969 nomina
2192 2938 2292 2969 cum
2329 2938 2435 2976 ,esse
2477 2925 2523 2970 in
2565 2928 2632 2956 —‘

216 2983 442 3030 coniuncta
470 2984 677 3051 formatae
718 2988 898 3032 exstant.
956 2987 1101 3041 Atque
1128 2985 1260 3030 088111
1288 2986 1433 3037 8,14‚
1477 2987 1504 3029 2
1541 2986 1648 3033 11888
1689 2987 1810 3029 888ι;
1847 2984 1958 3039 8800
1993 2983 2199 3027 iudicium
2237 2983 2282 3027 in
2319 2984 2634 3041 exspectatione

216 3042 295 3092 est,
325 3042 455 3085 etiam
484 3042 529 3086 18
557 3043 669 3086 0088
698 3055 773 3099 spe
804 3041 1028 3098 (Similiter
1056 3043 1201 3087 010810
1231 3045 1272 3095 2,
1302 3045 1342 3095 3,
1374 3045 1423 3086 5:
1454 3055 1621 3087 summa
1650 3043 1754 3086 scito
1784 3042 1828 3084 18
1857 3041 2170 3097 exspectatione
2209 3043 2253 3084 te
2282 3054 2376 3085 esse
2405 3045 2450 3086 8ι
2479 3040 2635 3086 088881

215 3097 256 3140 b.
286 3111 323 3142 c.
353 3101 395 3151 2,
433 3101 486 3144 17
523 3114 680 3156 magna
709 3101 865 3144 auxilia
905 3101 1161 3151 convenisse,
1201 3114 1357 3155 magna
1386 3114 1477 3154 8888
1506 3102 1550 3154 in
1579 3098 1687 3156 spe)
1745 3099 1881 3142 Aliter
1909 3098 2096 3143 Plancus
2127 3100 2194 3150 10,
2233 3087 2275 3151 4,
2305 3102 2333 3143 4
2363 3089 2490 3143 dixit:
2530 3099 2635 3143 Sum

215 3153 603 3256 ἱόιωθῶιίρθιιωιιοιιιι
632 3158 822 3202 omnium
860 3171 1048 3259 rerffita
1074 3157 1197 3210 Quod
1225 3160 1376 3267 autenti,
1399 3150 1512 3214 apud
1526 3157 1741 3267 tsssiniuzn)
1764 3155 2119 3258 ffilioffligssnssigs
2139 3157 2193 3200 31
2226 3159 2317 3201 est.
2305 3157 2398 3259 t“N
2399 3171 2471 3257 811)8
2497 3158 2634 3258 &02¹⁸

365 3226 534 3260 onensis
548 3237 604 3245 --
630 3227 683 3260 ne
796 3227 897 3259 uam
1076 3215 1121 3258 in
1148 3227 1268 3259 mora
1297 3227 1343 3258 es
1442 3227 1527 3258 888
1614 3227 1659 3258 18
2187 3215 2318 3259 raeivi
2448 3227 2496 3259 os
2608 3227 2633 3258 0

217 3269 258 3319 8,
296 3271 408 3321 2,1
452 3273 649 3317 Baiterus
685 3227 1065 3316 ἓξκιιοιιιὼιωε,
1053 3272 1119 3316 18
1137 3273 1333 3317 inseruit:
1369 3228 1512 3327 italwe
1550 3296 1604 3301 —-
1649 3272 1694 3313 in
1730 3271 1887 3313 maiore
1929 3284 2039 3320 8888
2063 3228 2252 3327 perigulo
2297 3273 2476 3324 videtur,
2519 3273 2634 3327 8800

216 3323 322 3371 item
350 3327 453 3373 fecit
480 3330 527 3374 in
555 3329 767 3375 Ciceronis
792 3342 857 3387 ep.
887 3330 928 3383 4,
959 3330 998 3374 5.
1057 3329 1223 3382 Restat,
1251 3330 1303 3373 nt
1330 3341 1653 3373 commemorem
1675 3327 1867 3372 Caelium
1889 3329 2026 3385 8,13,
2059 3329 2091 3379 1
2113 3329 2220 3376 mc
2246 3323 2458 3387 proferre:
2487 3328 2633 3385 Neque

2428 3409 2449 3445 2
