2887 3652
1431 221 1459 263 4
1526 280 1546 283 A

233 360 401 405 dicendi
430 372 564 414 genus
597 360 964 404 consectabantur.
1015 359 1136 403 Unde
1167 361 1230 412 fit,
1262 362 1312 403 ut
1341 372 1390 402 ex
1420 359 1487 402 his
1517 359 1706 415 epistolis
1734 371 1821 401 non
1842 357 1992 409 solum,
2023 357 2175 412 quibus
2196 357 2334 401 verbis
2355 359 2400 401 et
2428 360 2655 405 structuris

230 419 275 462 in
305 417 615 461 sermocinandi
631 417 936 461 consuetudine
950 417 1133 461 Romani
1159 418 1226 461 usi
1256 418 1354 468 sint,
1383 416 1695 471 intellegamus,
1726 416 1800 460 sed
1831 415 1961 458 etiam
1984 427 2158 458 auream
2185 415 2316 467 illam,
2347 428 2455 472 quae
2485 415 2653 471 dicitnr,

231 475 493 519 latinitatem
521 475 674 519 melius
706 487 1021 530 cognoscamus.
1083 474 1367 528 Quamobrem
1397 486 1547 529 operae
1577 474 1764 530 pretium
1794 485 1884 517 esse
1915 471 2109 516 existimo
2134 484 2196 524 ea,
2228 485 2335 528 quae
2363 473 2470 517 mihi
2496 473 2655 519 iterum

232 545 281 575 ac
311 532 481 587 saepius
521 533 683 586 legenti
718 532 1012 575 memorabilia
1050 532 1140 574 visa
1178 535 1293 582 sunt,
1336 532 1414 574 sub
1453 544 1538 573 uno
1577 531 1698 586 quasi
1735 531 1920 586 quodam
1956 532 2132 585 aspectu
2173 529 2377 584 ponere*
2446 529 2563 583 Quae
2590 531 2654 575 ita

232 588 495 645 dispertiam,
525 592 577 634 ut
606 590 741 633 altera
771 592 892 646 parte
924 589 974 633 de
1005 589 1078 640 eis,
1111 602 1217 644 quae
1249 589 1302 632 ad
1332 588 1655 643 grammaticam
1684 589 1892 644 spectent,
1933 587 2068 631 altera
2098 587 2149 630 de
2180 586 2253 638 eis,
2292 599 2400 642 quae
2430 586 2485 631 ad
2516 599 2654 632 sema-

232 646 454 702 siologiam
484 647 571 692 sive
601 647 687 691 vim
717 649 761 691 et
791 646 1147 703 significationem
1176 647 1400 691 verborum
1429 645 1683 702 pertineant,
1714 658 1931 700 exponam.
1994 644 2102 689 Cum
2126 646 2271 689 autem
2302 645 2581 700 grammatica
2609 646 2654 690 in

233 704 551 760 etymologiam,
584 717 690 760 quae
720 705 846 758 vulgo
877 704 1045 756 dicitur,
1077 707 1121 747 et
1151 705 1347 760 syntaxin
1378 704 1670 753 distribuatur,
1702 703 1886 758 primum
1925 702 1976 745 de
2012 702 2158 745 formis
2189 702 2411 745 verborum
2441 701 2654 758 explican-

234 762 336 806 dum
377 775 469 806 esse
499 763 678 806 videtur.
738 763 882 817 Atque
928 775 950 806 e
990 762 1128 819 prima
1168 761 1339 818 quidem
1378 761 1657 805 declinatione
1696 761 1780 804 huc
1820 759 2007 816 pertinet
2047 773 2140 815 gen.
2179 760 2287 816 plur.
2330 759 2654 816 amphoram,

233 833 318 876 quo
358 820 500 864 utitur
535 820 742 864 Lentulus
783 821 851 871 12,
905 821 972 872 15,
1011 821 1037 863 2
1074 820 1206 863 duum
1243 819 1423 863 millium
1463 819 1715 875 amphoram
1755 817 1849 874 (cfr.
1888 817 2006 861 Neue
2037 816 2071 869 l,
2118 831 2158 874 p.
2190 815 2278 873 20).
2340 815 2540 871 Quamvis
2569 830 2656 862 non

230 878 358 921 huius
386 878 468 921 loci
498 878 568 929 sit,
603 877 710 920 mihi
738 878 866 921 liceat
896 890 1226 920 commemorare
1268 878 1442 920 verbum
1481 877 1638 932 copia
1677 876 1721 918 in
1751 875 1956 930 singulari
1983 887 2159 918 numero
2190 888 2240 918 ea
2269 876 2323 927 vi,
2365 887 2449 930 qua
2478 875 2654 930 pluralis

232 934 452 1036 geraeditus
483 947 575 978 esse
606 935 726 986 solet,
775 935 971 991 usurpari
1015 947 1040 977 a
1069 934 1270 991 Pompeio
1308 934 1439 978 sexies
1476 934 1521 977 in
1552 934 1717 977 duabus
1748 932 1937 990 epistolis
1980 930 2053 986 (ad
2083 933 2175 976 Att.
2207 930 2324 985 VIll,
2358 933 2411 975 12
2442 933 2481 975 A
2513 934 2557 976 et
2587 930 2653 987 C).

286 992 449 1035 eundae
491 992 782 1035 declinationis
823 993 1008 1043 nomina,
1051 1005 1231 1047 quorum
1268 1004 1361 1046 gen.
1393 993 1500 1046 plur.
1531 993 1635 1034 item
1676 991 1721 1034 in
1751 1014 1806 1020 —
1836 1003 1910 1033 um
1939 990 2204 1040 terminatur,
2246 990 2329 1033 duo
2359 989 2656 1033 inveniuntur:

263 1049 473 1094 raefectos
503 1049 712 1095 fabrum
740 1050 784 1092 in
815 1048 1007 1094 Caesaris
1038 1050 1218 1105 epistola
1248 1048 1321 1105 (ad
1334 1051 1427 1093 Att.
1454 1048 1530 1099 IX,
1559 1050 1597 1100 7,
1623 1046 1669 1102 2)
1701 1050 1745 1093 et
1774 1047 2157 1097 adversarium
2183 1047 2439 1114 inepistola
2463 1046 2655 1103 Pompeii

233 1064 309 1163 {ad
333 1107 427 1152 Att.
445 1104 565 1160 vnr,
589 1106 657 1159 12,
678 1107 717 1150 D
738 1104 797 1162 2).
816 1113 819 1117 ’
856 1105 919 1150 Ex
940 1107 1185 1152 nominibus
1201 1107 1351 1151 tertiae
1374 1106 1665 1150 declinationis
1690 1105 1775 1150 tria
1794 1106 1881 1150 huc
1905 1105 2133 1161 pertinent,
2159 1100 2459 1157 familiaris,
2485 1104 2653 1157 navis,

236 1165 375 1210 finis.
428 1167 571 1220 Atque
601 1165 834 1208 ablativum
864 1165 1141 1208 familiare
1172 1166 1340 1209 exhibet
1368 1166 1414 1208 in
1443 1165 1622 1221 epistola
1651 1163 1825 1220 Sulpicii
1856 1163 1915 1218 (4,
1949 1164 2016 1215 12,
2048 1160 2094 1218 2)
2125 1163 2255 1206 editio
2286 1163 2512 1213 Orelliana,
2542 1162 2653 1206 unde

233 1222 353 1266 Neue
373 1222 396 1266 I
414 1236 455 1280 p.
478 1224 562 1266 225
582 1223 746 1280 petivit,
763 1223 1092 1278 Wesenbergius
1109 1226 1253 1267 autem
1271 1226 1314 1267 et
1331 1223 1527 1266 Baiterus
1544 1222 1726 1266 lectione
1744 1222 1900 1266 codicis
1921 1235 2008 1265 non
2030 1223 2358 1265 commemorata
2376 1221 2654 1264 familiari

232 1282 278 1325 in
316 1282 484 1325 textum
512 1284 775 1339 receperunt.
843 1281 1068 1325 Ablativus
1107 1295 1240 1325 nave
1280 1281 1371 1335 (cfr.
1415 1281 1532 1325 Neue
1575 1280 1608 1332 Ι,
1651 1278 1754 1335 215)
1796 1282 1935 1324 exstat
1973 1280 2018 1323 in
2057 1279 2234 1335 epistola
2277 1279 2413 1324 Asinii
2451 1279 2666 1323 Pollionis

234 1338 324 1440 310,
352 1339 424 1391 32,
455 1337 516 1395 4),
555 1338 668 1396 apud
699 1351 827 1396 quem
855 1339 1038 1383 eundem
1070 1341 1157 1393 (10,
1189 1341 1257 1391 32,
1299 1338 1344 1394 4)
1387 1339 1527 1383 finis
1557 1339 1723 1393 generis
1765 1338 1955 1382 feminini
1995 1340 2073 1382 est.
2134 1337 2196 1381 Ex
2233 1340 2386 1393 quarta
2423 1339 2466 1381 et
2505 1337 2654 1393 quinta

263 1396 514 1445 eclinatione
541 1397 627 1441 huc
656 1396 853 1453 spectant
893 1396 976 1440 duo
1006 1398 1147 1446 verba,
1188 1398 1454 1453 impetus,
1496 1398 1614 1440 cuius
1655 1397 1823 1439 dativus
1858 1397 1901 1438 in
1944 1409 1994 1438 -u
2032 1396 2286 1439 terminatur
2328 1397 2396 1447 10,
2435 1396 2505 1445 24,
2545 1396 2572 1438 3
2610 1397 2654 1438 et

234 1453 391 1554 {idem
424 1454 794 1555 cuiusdmgenetivus
823 1455 908 1499 fide
940 1455 1009 1508 10,
1042 1455 1109 1506 17,
1143 1456 1169 1498 3
1200 1468 1222 1498 e
1254 1455 1395 1499 codice
1425 1455 1616 1498 Mediceo
1648 1455 1700 1498 ab
1732 1453 1888 1498 Orellio
1920 1456 1964 1497 et
1994 1453 2164 1497 Baitero
2194 1456 2402 1510 receptus,
2433 1452 2654 1496 aWesen'-

266 1512 384 1566 crgio
413 1524 521 1568 repu
550 1512 562 1522 ”
592 1514 663 1556 tus
693 1514 771 1556 est.

349 1568 415 1613 Ex
443 1569 663 1626 adjectivis
693 1569 1022 1623 abundantibus,
1053 1582 1160 1626 quae
1190 1569 1401 1621 dicuntur,
1432 1583 1566 1612 unum
1596 1570 1681 1613 huc
1711 1569 1896 1626 pertinet
1924 1568 2172 1620 inermis,
2215 1567 2334 1612 cuius
2374 1568 2512 1623 genet.
2544 1566 2675 1624 plur..

236 1641 262 1672 a
302 1627 362 1670 Le
393 1627 462 1672 ido
502 1628 569 1680 10,
612 1629 681 1679 34,
721 1628 744 1670 1
776 1628 822 1672 111
853 1650 908 1657 —
948 1641 1083 1679 orum,
1122 1641 1147 1671 a
1183 1627 1319 1672 Bruto
1365 1628 1430 1678 11,
1474 1628 1541 1679 10,
1571 1629 1599 1670 3
1640 1628 1685 1671 111
1730 1651 1784 1656 ——
1822 1627 1911 1670 ium
1952 1627 2219 1670 terminatur.
2288 1625 2574 1682 Comparativi
2598 1627 2662 1668 et·

237 1688 364 1742 super
387 1684 484 1729 ‘tivi
520 1685 573 1729 ab
604 1686 698 1729 aliis
728 1698 824 1729 raro
855 1687 932 1730 aut
972 1684 1143 1730 omnino
1183 1700 1269 1730 non
1307 1685 1501 1742 usurpati
1543 1687 1712 1729 exstant
1742 1686 1810 1736 10,
1849 1685 1918 1737 30,
1961 1685 1989 1728 3
2029 1687 2072 1728 et
2111 1685 2138 1727 4
2169 1682 2342 1738 (Galba)
2382 1683 2657 1727 dexterius

237 1745 282 1792 et
312 1743 643 1793 sinisterius
676 1742 771 1798 (cfr.
802 1742 923 1787 Neue
953 1742 1010 1794 11,
1043 1742 1160 1799 104),
1193 1745 1261 1796 10,
1294 1745 1361 1795 18,
1393 1744 1419 1786 3
1451 1743 1757 1787 sollicitior
1788 1742 1881 1798 (cfr.
1914 1742 2079 1797 Drager
2109 1740 2141 1795 I,
2174 1740 2261 1796 23),
2294 1742 2332 1793 8,
2366 1743 2433 1793 15,
2467 1742 2488 1785 1
2523 1743 2657 1784 tem—

235 1799 475 1901 peratior
512 1799 660 1857 (Di-ag.
692 1799 725 1853 I,
758 1799 856 1858 24);
900 1802 940 1853 8,
972 1803 1012 1853 6,
1044 1803 1071 1844 4
1102 1802 1545 1845 ferventissimus
1578 1800 1672 1856 (cfr.
1703 1800 1822 1844 Neue
1853 1798 1910 1852 II,
1947 1814 1987 1857 p.
2022 1799 2124 1856 119)
2164 1800 2549 1844 deditissimus
2582 1797 2655 1854 (id.

259 1856 294 1911 1,
327 1856 445 1915 122),
479 1859 546 1911 11,
577 1860 618 1911 9,
649 1860 675 1903 2
707 1859 1174 1917 persuasissimus
1206 1859 1279 1915 (id.
1312 1858 1413 1914 125)
1447 1859 1514 1910 11,
1547 1859 1614 1910 13,
1646 1861 1672 1902 2
1704 1858 2190 1903 extenuatissimus
2223 1857 2296 1914 (id.
2317 1854 2433 1913 127),
2466 1857 2533 1908 10,
2565 1857 2605 1909 8,
2632 1857 2654 1900 1

236 1917 712 1963 fructuosissimus
745 1916 847 1972 (quo
874 1917 1005 1961 etiam
1029 1916 1186 1961 Caesar
1215 1915 1384 1971 utitur).
1432 1917 1799 1967 Validissime,
1831 1915 1944 1971 quod
1975 1918 2041 1960 est
2069 1916 2113 1958 111
2144 1916 2322 1975 epistola
2347 1915 2477 1958 Caelii
2505 1917 2545 1966 8,
2563 1915 2605 1966 2,
2631 1916 2655 1958 1

237 1973 351 2030 apud
376 1973 624 2018 Ciceronem
649 1975 821 2030 eiusque
841 1975 1039 2030 aequales
1055 1988 1142 2019 non
1157 1975 1325 2019 videtur
1343 1976 1387 2018 in
1409 1988 1492 2018 usu
1517 1974 1659 2019 fuisse.
1704 1973 2030 2018 Terminationis
2045 1997 2099 2004 —-
2117 1986 2263 2017 umus
2285 1986 2418 2016 unum
2433 1972 2659 2028 vestigium

237 2033 284 2076 in
321 2032 466 2076 codico
505 2032 618 2075 Med.
660 2033 871 2088 reperitur
900 2035 941 2084 4,
985 2033 1053 2084 12,
1094 2034 1120 2076 2
1163 2032 1368 2087 (Servius)
1414 2033 1683 2075 deterromod
1729 2031 2098 2075 acerbissume.
2166 2031 2357 2087 Denique
2391 2031 2497 2074 mihi
2525 2030 2660 2074 liceat

236 2090 318 2134 hoc
347 2089 440 2144 loco
472 2102 801 2149 commemorare
833 2089 1061 2147 optimas
1093 2092 1137 2134 et
1168 2092 1458 2134 cunctator
1487 2089 1789 2134 adiectivorum
1818 2089 1907 2133 vice
1937 2088 2056 2143 fungi
2086 2088 2199 2146 apud
2232 2088 2420 2132 Caelium
2447 2089 2486 2140 8,
2518 2088 2586 2140 10,
2611 2088 2657 2130 3:

237 2148 353 2192 nosti
375 2146 640 2200 Marcellum,
672 2160 800 2204 quam
829 2147 977 2191 tardus
1008 2151 1052 2192 et
1082 2161 1234 2203 parum
1264 2148 1411 2191 efficax
1444 2148 1512 2198 sit,
1543 2148 1728 2204 itemque
1755 2147 1925 2192 Servius
1957 2160 2084 2202 quam
2115 2148 2351 2199 cunctator,
2383 2149 2427 2189 et
2456 2148 2496 2199 8,
2519 2147 2585 2198 16,
2612 2147 2657 2189 2:

238 2205 361 2257 Vide,
388 2218 457 2257 ne,
488 2205 591 2248 dum
619 2205 754 2261 pudet
784 2206 827 2249 te
856 2219 1008 2262 parum
1039 2206 1289 2262 optimatem
1321 2219 1410 2249 esse
1441 2236 1505 2248 -.

354 2261 407 2306 In
435 2262 799 2306 numeralium
838 2275 920 2307 usu
949 2277 975 2306 a
1005 2263 1218 2306 communi
1236 2264 1437 2318 loquendi
1468 2262 1772 2306 consuetudine
1801 2260 2126 2314 receditGalba,
2158 2261 2230 2316 qui
2251 2262 2319 2313 10,
2344 2263 2413 2313 30,
2434 2262 2455 2304 1
2490 2261 2660 2318 scripsit

240 2319 524 2366 secundam
554 2322 605 2365 et
636 2321 873 2377 quintam
902 2321 1230 2366 tricesimam
1262 2320 1356 2376 (cfr.
1386 2320 1506 2365 Neue
1526 2319 1581 2373 ΙΙ,
1613 2317 1714 2376 163)
1746 2322 1790 2364 et
1821 2319 1965 2365 Cicero
1996 2319 2109 2364 filius
2142 2319 2209 2372 16,
2240 2320 2309 2371 21,
2343 2320 2388 2364 1:
2419 2321 2517 2377 post
2547 2319 2660 2364 diem

240 2379 613 2436 quadragesimum
653 2380 697 2424 et
736 2382 903 2424 sextum
947 2380 1081 2437 (Wes.
1125 2382 1194 2431 ,et‘
1231 2380 1352 2424 uncis
1387 2378 1593 2435 inclusit).
1661 2378 1801 2433 Quid?
1849 2378 1962 2435 quod
1999 2377 2111 2434 apud
2150 2377 2381 2423 Lentulum
2419 2377 2487 2431 12,
2527 2379 2594 2430 15,
2632 2379 2660 2421 4

240 2438 392 2482 binas
421 2437 723 2493 legationes
754 2440 832 2489 est,
870 2451 946 2494 pro
979 2451 1061 2494 quo
1105 2438 1224 2489 ,duas
1260 2440 1356 2492 leg.‘
1389 2440 1620 2493 exspectaS,
1664 2450 1791 2492 quem
1826 2438 1968 2480 locum
1998 2436 2117 2479 Neue
2148 2435 2204 2487 11,
2248 2437 2331 2480 170
2361 2437 2659 2492 praetermisit.

356 2494 625 2538 Pronominis
698 2496 899 2539 ersonalis
952 2498 1056 2550 ,οςζο6
1108 2496 1276 2539 dativus
1326 2497 1369 2538 in
1425 2495 1565 2538 codice
1609 2495 1797 2538 Mediceo
1849 2507 2151 2550 saepenumero
2201 2495 2246 2536 in
2297 2495 2364 2537 mi
2417 2496 2661 2538 contractus

239 2552 464 2597 invenitur.
526 2551 613 2596 Cur
641 2509 840 2596 veesenb.
873 2554 917 2596 et
939 2553 1085 2596 Baiter
1113 2554 1225 2596 hanc
1255 2554 1447 2603 formam,
1479 2565 1585 2607 quae
1615 2553 1658 2595 111
1675 2552 1835 2595 Vatinii
1865 2565 1886 2594 e
1916 2552 2045 2596 istola
2075 2552 2114 2601 5,
2148 2552 2201 2594 10
2232 2553 2299 2594 ter
2329 2552 2495 2595 obviam
2523 2551 2587 2603 fit,
2614 2563 2663 2595 ex

241 2610 433 2667 epistolis
455 2610 786 2662 exturbaverint,
816 2623 904 2654 non
924 2610 1138 2666 intellego,
1164 2611 1413 2667 praesertim
1442 2623 1541 2654 cum
1563 2623 1611 2654 ex
1628 2610 1701 2662 eis,
1732 2623 1839 2666 quae
1901 2622 1979 2653 eue
1994 2609 2049 2661 II,
2069 2610 2151 2653 180
2182 2609 2429 2666 disputavit,
2459 2610 2663 2666 appareat

241 2681 339 2712 cum
370 2669 475 2712 alios
506 2669 735 2726 scriptores
766 2670 862 2712 tum
891 2668 1119 2712 Horatium
1148 2670 1192 2711 in
1223 2670 1485 2712 sermonibus
1517 2671 1560 2712 et
1591 2669 1779 2725 epistolis
1818 2681 1867 2711 ea
1906 2667 2043 2710 forma
2078 2680 2202 2723 saepe
2239 2680 2339 2711 usos
2380 2680 2483 2712 esse.
2543 2665 2663 2710 Idem

242 2726 519 2770 statuendum
549 2728 615 2770 est
645 2726 697 2770 de
728 2726 866 2770 forma
895 2727 1125 2770 accusativi
1153 2740 1317 2769 meme
1349 2726 1411 2782 (in
1442 2726 1630 2770 eiusdem
1655 2726 1816 2773 Vatinii
1846 2725 2025 2781 epistola
2055 2726 2094 2776 5,
2125 2726 2165 2776 9,
2199 2723 2256 2780 1),
2295 2738 2424 2781 quam
2457 2725 2565 2769 item
2600 2724 2664 2768 illi

243 2797 265 2828 e
294 2784 520 2829 istolarum
535 2784 719 2828 editores
735 2784 987 2828 reiecerunt.
1033 2783 1207 2828 Rectius
1236 2785 1339 2828 mihi
1360 2784 1540 2829 Orellius
1570 2785 1755 2828 iudicare
1771 2783 1952 2835 videtur,
1984 2783 2057 2838 qui
2086 2783 2140 2827 ad
2169 2783 2292 2827 illum
2309 2783 2450 2827 locum
2465 2782 2662 2828 adnotat:

280 2843 363 2887 alia
392 2854 571 2900 quoque,
601 2844 653 2887 ut
681 2842 888 2888 nonnulla
917 2843 963 2887 in
994 2843 1281 2899 sequentibus,
1313 2843 1494 2887 editores
1524 2844 1694 2900 praeter
1722 2842 1959 2886 Victorium
1989 2854 2119 2899 pravo
2150 2841 2322 2885 consilio
2353 2840 2408 2886 ad
2422 2841 2664 2886 Tullianum

244 2912 484 2945 sermonem
519 2901 711 2956 redigere
750 2902 893 2945 conati
934 2903 1048 2945 sunt.
1127 2900 1205 2944 Cui
1246 2914 1293 2944 eo
1330 2902 1466 2956 magis
1503 2901 1735 2951 assentior,
1775 2901 1887 2956 quod
1924 2900 2144 2943 Vatinium
2182 2900 2321 2943 verbis
2357 2900 2663 2957 verborumque

223 2958 391 3011 >formis
422 2959 548 3013 paulo
578 2959 716 3014 magis
745 2959 896 3016 priscis
918 2958 1148 3003 admodum
1169 2959 1426 3002 delectatum
1451 2972 1542 3002 esse
1574 2959 1761 3010 dicier,
1801 2957 2127 3013 disperdidit
2156 2958 2252 3008 alia,
2290 2957 2342 3000 de
2373 2958 2525 3013 quibus
2553 2955 2665 3001 infra

246 3016 474 3061 dicendum
507 3017 601 3068 erit,
633 3017 924 3074 comprobant.
986 3016 1146 3061 Contra
1179 3017 1246 3068 15,
1281 3017 1346 3067 19,
1377 3019 1403 3060 2
1436 3015 1499 3071 (C.
1534 3013 1739 3070 Cassius),
1770 3016 1849 3060 ubi
1872 3014 2053 3060 Orellius
2084 3015 2136 3058 de
2164 3015 2406 3059 coniectura
2436 3014 2665 3059 omnium

243 3075 476 3119 nostrum
506 3073 707 3128 ediderat,
749 3075 802 3119 ab
841 3074 925 3119 illis
960 3074 1268 3123 recentioribus
1312 3075 1542 3119 editoribus
1579 3074 1706 3118 lectio
1746 3074 1902 3118 codicis
1939 3073 2050 3117 Med.
2095 3073 2318 3117 omnium
2356 3075 2665 3118 nostrorum

242 3133 445 3177 restituta
490 3134 556 3176 est
597 3131 692 3187 (cfr.
734 3133 852 3177 Neue
883 3133 940 3186 II,
981 3131 1096 3188 185).
1158 3133 1223 3175 De
1269 3133 1419 3189 ceteris
1461 3133 1778 3189 pronominibus
1819 3133 1902 3175 huc
1948 3132 2077 3175 etiam
2120 3133 2351 3187 uterque
2392 3133 2435 3174 et
2479 3132 2666 3175 neuter

359 3317 377 3335 '¹
401 3315 614 3362 Bernhaniy
638 3315 732 3351 Hist.
758 3314 810 3351 lit.
837 3314 937 3351 Rom.
963 3326 997 3362 p.
1024 3316 1092 3351 822
1117 3315 1206 3350 haec
1231 3315 1335 3350 dicit:
1367 3315 1436 3350 Die
1467 3314 1586 3350 vielen
1612 3314 1885 3349 Einzelnheiten
1918 3314 1956 3349 in
1981 3314 2139 3360 Sprache
2171 3314 2245 3349 und
2277 3311 2572 3359 Wortgebraudx,
2602 3310 2666 3346 der

243 3374 293 3410 oft
316 3374 368 3409 im
393 3385 509 3410 sermo
533 3373 724 3410 familiaris
749 3373 830 3408 sich
854 3373 1003 3419 bewegt,
1027 3373 1223 3409 verdienen
1249 3373 1329 3408 eine
1352 3372 1557 3418 sorgfaltige
1581 3372 1800 3417 Forschung.
2378 3389 2380 3391 ·
2473 3383 2477 3386 ·
2649 3379 2654 3385 ·
