2887 3652
1413 152 1467 198 15

240 289 350 352 quod
370 292 656 337 nominativus
684 303 782 335 cum
812 288 1298 346 infinitivoadiungitur
1316 292 1519 336 locutioni
1548 294 1601 336 in
1632 291 1995 347 suspicionem
2027 291 2215 335 venire
2245 292 2288 334 in
2318 305 2382 348 ep.
2413 292 2657 336 Dolabellae

239 356 279 405 9,
315 354 359 404 9,
397 351 451 394 Ἐς
491 348 590 394 Etsi
627 350 744 394 nullo
776 353 965 406 tempore
1001 350 1045 393 in
1082 350 1363 406 suspicionem
1400 350 1478 394 tibi
1515 349 1641 394 debui
1678 349 1818 392 venire
1854 349 2040 405 partium
2082 361 2209 392 eausa
2250 350 2391 405 potius
2424 363 2552 404 quam
2581 354 2657 394 tua

241 411 320 455 tibi?
347 408 528 454 suadere
552 409 598 450 et
626 408 671 450 in
692 420 756 464 ep.
779 408 947 451 Lentuli
972 410 1036 456 12,
1071 409 1137 459 15,
1169 409 1219 453 5:
1251 407 1475 451 Nonnullis
1504 408 1635 452 etiam
1663 408 1746 463 ipsi
1772 408 2049 462 magistratus
2068 408 2292 450 veniebant
2312 408 2355 450 in
2376 409 2655 462 suspicionem

240 466 469 520 detinuisse
494 478 575 509 vnos
606 468 651 508 et
679 466 886 508 demorati
915 478 1021 517 esse,
1052 466 1154 508 dum
1183 495 1242 507 —.
1312 466 1360 508 Id
1399 468 1554 516 autem,
1594 465 1706 519 quod
1742 465 1785 507 in
1820 477 1885 521 ep.
1925 464 2116 509 Caesaris
2155 465 2209 508 ad
2242 466 2333 508 Att.
2375 467 2415 515 9,
2457 466 2522 513 13,
2561 468 2597 509 A
2632 468 2651 509 1

240 528 326 570 est:
364 523 473 567 Cum
509 523 553 565 111
596 534 715 577 spem
754 536 905 566 venero
948 524 1000 566 de
1038 524 1358 580 compositione·
1378 524 1535 578 aliquid
1575 535 1644 566 me
1684 523 1900 573 conficere,
1941 535 2038 566 cum
2068 536 2129 573 eo,
2171 523 2285 577 quod
2327 523 2439 578 apud
2477 524 2656 566 eundem

240 583 489 638 scriptorem
519 580 559 622 b.
592 579 668 622 civ.
700 580 733 631 1,
766 581 820 623 '72
851 583 1015 623 exstat:
1047 579 1201 623 Caesar
1229 581 1273 622 10
1299 591 1393 623 03111
1419 592 1537 635 spem
1563 582 1747 629 venerat,
1779 592 1823 622 se
1845 580 1934 622 sine
1955 593 2097 634 pugna
2117 583 2161 623 et
2182 581 2273 622 sine
2295 581 2461 622 volnere
2482 593 2656 622 suorum

239 652 328 683 rem
367 638 572 681 conficere
603 649 739 692 posse,
777 637 864 680 fere
895 638 1118 686 consentit,
1160 638 1195 680 si
1224 637 1328 680 illud
1360 638 1538 692 excipias
1567 638 1649 679 hoc
1679 637 1769 678 1000
1801 637 2031 679 secundum
2062 637 2253 691 regulam
2284 637 2657 691 grammaticorum

240 696 390 753 ,posse‘
419 694 627 748 infinitivo
661 694 856 737 additum
886 705 989 737 esse.
1050 694 1184 744 Adde,
1222 695 1336 749 quod
1364 695 1409 737 in
1438 707 1501 749 ep.
1533 693 1680 736 Planci
1712 694 1777 743 10,
1811 694 1876 743 15,
1907 695 1934 735 2
1965 697 2054 737 est:
2097 694 2254 737 fidem
2286 694 2409 736 mihi
2439 694 2583 737 dedit
2612 708 2657 737 se

240 753 580 807 persecuturum,
622 752 747 794 00108
781 752 978 805 loquendi
1010 752 1177 806 generis
1209 752 1467 795 simillimum
1505 755 1583 801 est,
1626 750 1736 804 quod
1779 751 1833 793 ad
1862 753 1950 794 Att.
1983 752 2023 802 9,
2058 752 2095 802 7,
2138 754 2188 794 A.
2221 753 2248 795 2
2286 752 2329 795 in
2365 765 2430 806 ep.
2463 751 2584 795 Balbi
2615 755 2658 795 et

238 808 363 866 Oppii
389 809 552 864 exstat:
583 807 639 852 Et
665 808 745 852 tibi
764 807 892 852 fidem
922 808 1124 852 faciemus
1145 820 1222 853 nos
1253 820 1302 852 ea
1328 808 1514 860 suadere,
1546 820 1654 864 quae
1685 835 1741 849 -.
1788 807 1887 850 Jam
1911 819 2006 850 vero
2035 809 2080 850 in
2110 821 2173 865 ep.
2202 809 2390 865 Pompeii
2417 809 2471 850 ad
2498 810 2590 850 Att.
2617 810 2656 858 8,

243 869 308 917 12,
341 866 385 908 C.
417 868 443 907 2
475 867 736 907 mandata
765 867 889 908 d'are
919 867 1066 921 eodem
1108 868 1234 907 modo
1264 870 1516 920 usurpatum
1556 870 1622 907 est
1659 869 1786 918 atque
1817 867 1989 906 verbum
2018 867 2269 907 mandandi:
2316 868 2518 908 mandata
2561 867 2657 907 dedi

240 922 544 980 providendum
590 935 693 965 esse.
754 921 890 979 Supra
930 926 1079 966 autem
1121 924 1207 966 iam
1248 923 1570 966 commemoravi
1616 922 1745 965 etiam
1780 921 1835 964 in
1874 921 2099 965 dubium
2139 935 2330 965 vocare
2371 936 2455 966 acc.
2493 937 2528 966 e.
2581 923 2655 966 inf.

241 981 489 1025 adiunctum
530 981 684 1023 habere
725 981 768 1023 in
806 994 871 1037 ep.
904 980 1038 1024 Asinii
1079 980 1281 1024 Pollionis
1323 981 1389 1031 10,
1428 981 1496 1031 31,
1535 982 1587 1023 5:
1634 979 1747 1023 Illud
1786 992 1853 1022 me
1893 978 2109 1024 Cordubae
2152 993 2228 1036 pro
2266 980 2464 1023 concione
2503 981 2655 1024 dixisse

240 1048 364 1082 nemo
402 1038 571 1094 vocabit
610 1038 654 1081 in
694 1038 882 1088 dubium,
925 1039 1044 1082 cuius
1084 1039 1267 1082 alterum
1304 1039 1539 1094 exemplum
1580 1039 1626 1081 in
1661 1037 1802 1080 lexicis
1844 1037 2003 1080 frustra
2040 1039 2335 1093 quaesivimus.
2398 1038 2561 1087 Restat,
2606 1043 2655 1081 ut

242 1106 566 1140 commemorem
604 1108 631 1139 a
659 1096 896 1152 praeceptis
935 1097 1307 1151 grammaticorum
1343 1096 1578 1147 abhorrere,
1600 1095 1732 1151 ,quod
1772 1095 1815 1137 in
1853 1107 1916 1150 ep.
1947 1095 2107 1138 Vatinii
2136 1098 2175 1147 5,
2219 1097 2259 1146 9,
2298 1097 2324 1137 2
2356 1098 2443 1138 est:
2492 1096 2657 1138 Dicitur

244 1153 346 1199 mihi
375 1156 485 1198 tuus
508 1166 653 1197 servus
683 1157 940 1208 anagnostes
970 1154 1173 1209 fugitivus
1202 1167 1302 1198 cum
1331 1154 1533 1198 Vardaeis
1562 1167 1667 1197 esse.

353 1222 607 1278 Priusquam
637 1222 690 1265 de
727 1223 935 1265 infinitivo
976 1223 1179 1266 disserere
1210 1223 1411 1272 (lesinam,
1452 1224 1604 1273 locum,
1648 1235 1729 1276 quo
1770 1221 2002 1264 infinitivus
2045 1223 2308 1277 reponendus
2349 1235 2440 1264 esse
2480 1224 2656 1271 videtur,

241 1289 569 1325 commemorare
598 1279 715 1323 libet.
775 1281 916 1335 Atque
948 1279 1095 1335 Lepidi
1127 1281 1193 1332 10,
1236 1281 1305 1331 34,
1343 1280 1370 1322 4
1399 1280 1524 1323 verba
1559 1280 1604 1323 in
1645 1279 1734 1322 cod.
1772 1278 1884 1321 Med.
1925 1281 2121 1335 corrupta
2160 1280 2264 1323 haec
2301 1283 2424 1322 sunt:
2467 1281 2570 1330 ,Abs
2600 1283 2656 1329 te,

241 1339 304 1380 1111
326 1336 485 1387 moero,
511 1349 668 1391 magno
692 1350 816 1393 opere
842 1340 953 1393 peto,
985 1339 1019 1380 si
1039 1350 1178 1380 meam
1201 1338 1344 1387 vitam,
1371 1338 1559 1380 studium
1585 1337 1996 1391 diligentissime
2020 1338 2304 1391 superioribus
2328 1338 2590 1392 temporibus
2613 1338 2657 1379 in

240 1407 284 1438 re
325 1394 494 1452 publica
531 1394 879 1444 administranda,
918 1407 1025 1449 quae
1056 1394 1213 1451 Lepido
1252 1395 1380 1448 digna
1421 1398 1531 1445 sunt,
1572 1399 1795 1450 perspecta
1834 1394 1976 1443 habes,
2015 1396 2064 1436 ut
2101 1395 2218 1448 paria
2257 1396 2334 1437 aut
2372 1407 2421 1437 eo
2452 1395 2658 1450 ampliora

240 1453 401 1509 reliquo
423 1454 613 1508 tempore
637 1454 878 1508 exspectes.‘
918 1451 998 1505 Qui
1018 1452 1094 1495 has
1115 1452 1314 1508 epistolas
1336 1452 1568 1502 ediderunt,
1586 1464 1684 1495 cum
1705 1451 2051 1505 ,diligentissime‘
2073 1451 2114 1494 in
2138 1451 2431 1506 ,diligentium‘
2451 1452 2656 1495 mutando

239 1511 377 1552 locum
418 1510 687 1557 correxerint,
730 1512 873 1552 tamen
913 1522 965 1552 ne
1003 1510 1066 1552 ita
1105 1510 1273 1564 quidem
1310 1523 1408 1552 eum
1444 1511 1547 1553 satis
1579 1509 1882 1558 emendarunt,
1933 1509 2129 1563 quoniam
2168 1510 2294 1552 verba
2337 1522 2459 1564 ,quae
2502 1510 2656 1565 Lepido

240 1567 373 1623 digna
398 1569 526 1617 sunt‘,
566 1568 616 1610 ut
656 1566 838 1611 Orellius
876 1567 991 1617 dicit,
1041 1568 1238 1624 pendent,
1275 1570 1531 1624 quapropter
1570 1567 1766 1611 Baiterus
1806 1579 1854 1610 ea
1896 1569 2066 1610 auctore
2106 1566 2288 1623 Kleynio
2319 1567 2440 1611 uncis
2471 1568 2656 1610 inclusit.

240 1625 329 1680 Ego
359 1623 518 1668 conicio
549 1624 754 1680 Lepidum
785 1626 844 1668 sic
875 1626 1116 1681 scripsisse:
1147 1626 1183 1668 si
1212 1637 1351 1668 meam
1381 1626 1524 1675 vitam,
1556 1625 1760 1675 studium,
1800 1625 2141 1678 diligentiam
2182 1629 2232 1668 et
2277 1626 2452 1679 egisse
2489 1638 2565 1667 me
2602 1650 2655 1654 —

240 1695 377 1782 (1013οὲ
391 1682 547 1783 Ιῧξρίᾱο
593 1683 722 1736 digna
765 1683 873 1734 sint,
921 1686 1142 1739 perspecta
1180 1684 1329 1733 habes;
1377 1684 1437 1726 sic
1474 1683 1587 1726 enim
1616 1683 1744 1725 verba
1780 1694 1899 1737 ,quae
1931 1682 2028 1737 Lep.
2059 1682 2184 1736 digna
2221 1683 2321 1726 sint*
2359 1683 2532 1734 habent,
2573 1696 2655 1737 quo

241 1751 286 1782 re
305 1752 328 1782 e
379 1751 406 1782 n
457 1753 490 1782 r.
1061 1749 1064 1752 ·
2464 1759 2467 1763 ·

356 1797 519 1847 Restat,
558 1800 608 1840 ut
637 1793 794 1853 paucos
825 1798 938 1841 locos
969 1798 1136 1848 addam,
1175 1798 1327 1852 quibus
1358 1798 1611 1852 gerundium
1641 1800 1685 1840 01
1715 1797 1914 1853 supinum
1939 1797 2077 1852 paullo
2116 1798 2363 1840 inusitatius
2406 1801 2655 1852 usurpatum

240 1854 486 1910 reperiatur.
547 1855 689 1909 Atque
720 1855 823 1898 dure
854 1855 1121 1898 enuntiatum
1164 1867 1255 1898 esse
1292 1855 1485 1906 arbitror,
1521 1855 1634 1910 quod
1664 1855 1707 1897 in
1738 1867 1802 1910 ep.
1835 1854 1881 1896 L.
1913 1853 2044 1897 Cassii
2077 1854 2141 1904 12,
2176 1855 2241 1905 12,
2274 1856 2301 1896 4
2332 1858 2422 1898 est:
2453 1856 2507 1898 de
2536 1856 2654 1898 cuius

239 1911 460 1956 voluntate
492 1911 659 1956 assidue
690 1912 897 1956 audiendo
928 1913 1106 1956 mirifice
1146 1915 1189 1956 te
1218 1913 1357 1967 diligit
1397 1925 1625 1969 carumque
1662 1914 1802 1955 habet.
1865 1911 2067 1967 Supinum
2098 1915 2242 1955 autem
2270 1913 2333 1955 ita
2359 1914 2545 1969 positum
2576 1917 2654 1963 est,

238 1970 291 2017 ut
314 1970 532 2017 ¹obiectum
563 1971 813 2013 adiunctum
842 1971 1010 2021 habeat,
1042 1971 1153 2026 quod
1183 1983 1278 2013 raro
1308 1971 1400 2014 fieri
1430 1973 1610 2021 constat,
1642 1971 1686 2013 in
1718 1970 1847 2013 Caelii
1878 1971 1917 2020 8,
1951 1970 2016 2021 14,
2047 1971 2074 2011 4
2104 1973 2147 2012 01
2177 1983 2305 2024 (103111
2334 1971 2521 2026 primum
2550 1972 2656 2014 haec

239 2027 373 2070 11811111
403 2028 511 2071 veni.
572 2027 732 2071 Contra
768 2040 853 2071 non
894 2041 918 2071 a
948 2030 1166 2071 communi
1198 2029 1396 2083 loquendi
1435 2029 1740 2073 consuetudine
1780 2028 1973 2071 discessit
2012 2028 2180 2070 Asinius
2222 2027 2357 2071 Pollio
2397 2030 2464 2079 10,
2502 2030 2570 2080 32,
2615 2031 2655 2080 2,

240 2099 337 2131 00111
367 2086 551 2141 aliquem
581 2099 744 2130 sessum
776 2087 979 2130 deducere
1011 2086 1127 2130 dixit.

356 2154 634 2210 Aggredienti
663 2155 768 2198 mihi
798 2155 1003 2209 explicare
1044 2156 1096 2198 de
1137 2157 1270 2199 altera
1307 2156 1430 2198 huius
1460 2155 1768 2199 dissertationis
1799 2161 1931 2211 parte,
1971 2168 2053 2209 qua
2083 2167 2204 2197 voces
2234 2157 2278 2198 et
2307 2155 2541 2199 locutiones
2571 2157 2654 2199 alia

239 2213 279 2255 vi
321 2215 364 2256 et
404 2213 708 2268 significatione
745 2214 873 2268 atque
904 2225 929 2256 a
958 2214 1108 2257 ceteris
1148 2213 1335 2257 eiusdem
1372 2213 1523 2257 aetatis
1569 2214 1846 2269 scriptoribus
1883 2215 2109 2268 usurpatae
2148 2212 2428 2264 continentur,
2466 2226 2515 2257 ea
2545 2215 2653 2257 ratio

241 2269 425 2320 ineunda
467 2269 573 2313 mihi
613 2283 702 2314 esse
732 2270 910 2322 videtur,
950 2273 999 2314 ut
1029 2271 1278 2327 singillatim
1308 2283 1391 2321 eos,
1427 2271 1498 2326 qui
1527 2271 1605 2315 has
1636 2271 1836 2327 epistolas
1868 2270 2135 2326 scripserunt,
2167 2271 2413 2322 examinem,
2445 2272 2654 2327 siquidem

241 2328 400 2379 multa,
438 2337 544 2383 (111110
584 2329 627 2370 in
667 2340 812 2370 00111111
849 2341 1040 2371 sermone
1080 2341 1105 2371 a
1141 2329 1292 2371 ceteris
1333 2328 1550 2378 differunt,
1592 2341 1642 2371 ex
1689 2329 1814 2371 unius
1852 2328 2051 2382 cuiusque
2090 2327 2229 2370 indole
2273 2328 2500 2371 iudicanda
2541 2333 2652 2372 sunt.

242 2385 554 2433 Tantummodo
586 2398 635 2427 ea
664 2387 880 2436 vocabula,
912 2399 1018 2440 quae
1050 2389 1126 2428 aut
1156 2387 1340 2443 primum
1368 2387 1412 2428 in
1438 2387 1503 2428 his
1532 2386 1723 2441 epistolis
1744 2391 1820 2429 aut
1850 2386 1961 2441 apud
1982 2386 2191 2427 neminem
2213 2385 2346 2428 alium
2369 2386 2652 2435 inveniuntur,

241 2442 284 2484 in
314 2445 398 2485 uno
428 2444 659 2498 conspectu
687 2442 825 2498 posita
854 2443 1125 2497 praemittere
1154 2443 1271 2485 libet.
2309 2492 2313 2496 ¹

359 2508 403 2566 1)
444 2509 804 2555 Substantiva
841 2511 884 2554 in
925 2511 986 2555 -io
1027 2511 1274 2554 terminata:
1318 2512 1368 2563 8,
1411 2512 1477 2562 11,
1518 2512 1546 2554 4
1586 2509 1792 2567 (Caelius)
1834 2511 2081 2567 explosio
2120 2506 2218 2566 (ἅπ.
2261 2507 2381 2566 λεν),
2430 2512 2502 2562 10,
2544 2511 2587 2561 7,
2629 2512 2649 2553 1

242 2567 462 2623 (Plancus)
509 2569 858 2620 exhortatio,
909 2582 992 2624 quo
1038 2570 1152 2613 solus
1192 2568 1499 2622 Quinctilianus
1544 2582 1648 2614 usus
1687 2581 1779 2613 esse
1825 2569 2000 2620 videtur,
2048 2570 2122 2619 16,
2173 2568 2250 2619 27,
2300 2569 2320 2611 1
2371 2567 2439 2623 (Q.
2487 2568 2650 2622 Cicero)

241 2621 544 2685 verheratio
569 2625 753 2682 (Ulpian.
784 2627 879 2682 Dig.
912 2628 980 2676 47,
1022 2627 1088 2675 10,
1129 2627 1154 2669 5
1185 2625 1209 2681 ἓ
1241 2627 1295 2679 1).
1341 2624 1386 2682 2)
1409 2625 1685 2670 Substantiva
1711 2627 1756 2669 in
1785 2640 1871 2670 -orz
1904 2628 1941 2678 8,
1975 2628 2011 2678 1,
2043 2628 2069 2668 4
2091 2624 2292 2681 (Caelius)
2319 2630 2651 2676 susurrator,

242 2683 354 2739 quod
385 2697 469 2727 uno
509 2685 599 2727 loco
630 2683 838 2739 Vulgatae
878 2687 1029 2735 exstat,
1073 2685 1139 2736 10,
1182 2685 1248 2735 12,
1291 2685 1317 2726 3
1350 2683 1540 2739 (Asinius
1580 2683 1735 2740 Pollio)
1783 2686 2099 2735 circulator,
2141 2684 2252 2739 quod
2291 2685 2373 2727 alia
2411 2685 2583 2738 quidem
2613 2686 2653 2726 vi

242 2741 482 2800 praeditum
505 2755 538 2800 *a
568 2741 689 2786 Celso
720 2744 763 2786 et
786 2741 944 2789 Seneca
973 2745 1214 2800 usurpatur,
1246 2742 1298 2785 ad
1318 2742 1412 2785 Att.
1436 2743 1476 2793 8,
1503 2743 1530 2785 2
1555 2741 1752 2797 (Balbus)
1782 2744 2001 2793 relator,
2031 2742 2404 2785 Berichterstatter
2426 2742 2486 2785 im
2510 2741 2653 2793 Senat,

241 2798 420 2853 eandem
441 2799 529 2849 vim
547 2799 591 2845 in
620 2798 898 2856 Inscriptione
929 2799 1112 2855 quadam
1141 2799 1284 2851 habet,
1314 2800 1426 2855 apud
1447 2799 1667 2844 Sidonium
1695 2802 1838 2844 autem
1869 2800 2054 2855 aliosque
2082 2799 2208 2844 latius
2239 2802 2361 2855 patet
2381 2817 2439 2835 =
2457 2799 2673 2844 Bericht--

240 2857 466 2907 erstatten.
512 2852 775 2902 Diminutiva
794 2857 898 2900 haec
926 2857 1222 2900 inveniuntur:
1254 2858 1293 2908 4,
1325 2859 1364 2908 5,
1396 2858 1424 2899 4
1453 2856 1703 2913 (Sulpicius)
1725 2858 1981 2907 animula,
2013 2869 2094 2912 quo
2152 2857 2314 2899 uamvis
2345 2858 2479 2899 etiam
2508 2857 2654 2900 Cicero

240 2911 424 2959 adata
455 2916 499 2964 9,
528 2913 570 2964 7,
593 2915 615 2956 1
649 2918 818 2964 utatur,
841 2916 985 2957 tamen
1014 2915 1097 2957 alia
1134 2915 1176 2956 11
1211 2913 1451 2968 praeditum
1480 2917 1558 2965 081,
1598 2916 1665 2965 11,
1705 2916 1770 2965 13,
1813 2916 1838 2955 2
1880 2912 1949 2968 (D.
1982 2914 2140 2955 Brutus
2202 2914 2445 2969 copiolae
2484 2909 2548 2969 (ἅ.
2581 2914 2656 2969 L),

240 2969 289 3029 8„
311 2971 357 3021 3,.
384 2968 407 3014 Ῑ
430 2969 646 3033 (Caelius)
678 2971 907 3015 otiolum
938 2965 999 3027 (ἅ.
1032 2968 1104 3027 L),
1144 2971 1211 3023 12,
1252 2970 1318 3022 15,
1364 2972 1390 3014 2
1421 2969 1664 3027 (Lentulus)
1696 2970 2045 3026 navigiolum
2074 2968 2219 3025 (Auct.
2257 2971 2298 3015 b.
2329 2969 2461 3015 Afric.
2493 2972 2563 3023 61,
2594 2971 2654 3026 2).

354 3039 652 3089 Adiectiva:
684 3039 723 3091 8,
757 3041 795 3090 1,
835 3040 864 3082 4
894 3037 1096 3094 (Caelius)
1141 3039 1531 3084 subrostranus
1572 3034 1635 3095 (ὅ.
1672 3037 1742 3094 λ.),
1781 3040 1821 3090 8,
1863 3040 1902 3089 6,
1942 3040 1970 3080 4
2007 3037 2211 3094 (Caelius)
2251 3040 2656 3084 alimentarius

239 3092 353 3198 galga
366 3097 551 3153 primum
578 3097 823 3152 invenitur),
862 3097 961 3140 ibid.
988 3097 1191 3141 viarius
1221 3091 1285 3154 (ἅ.
1317 3096 1375 3153 2..)
1407 3099 1472 3140 lex
1503 3097 1641 3140 viaria.
1704 3098 1768 3147 10,
1809 3098 1877 3148 33,
1908 3097 1935 3138 4
1966 3094 2158 3150 (Asinius
2189 3096 2343 3153 Pollio)
2375 3098 2571 3142 Hirtinus
2601 3116 2657 3133 =

302 3201 305 3203 ,
353 3166 473 3206 anuas
1073 3196 1076 3199 .

332 3223 629 3338 Agdscnbia
672 3226 711 3276 8,
755 3226 813 3277 8,
841 3226 867 3268 2
906 3223 1112 3281 (Caelius)
1161 3226 1390 3277 ferventer,
1439 3225 1742 3268 ferventissime
1788 3219 1887 3279 (ἅπ.
1931 3222 2042 3281 λεγ.)
2092 3224 2342 3281 (ferventius
2387 3226 2657 3281 Augustinus

239 3290 340 3322 ufflm
359 3287 405 3324 ‘e'
455 3300 467 3325 1
1280 3286 1284 3290 ’
1542 3316 1548 3320 ,
