2887 3652
1359 230 1366 232 ,
1411 161 1484 232 1233

252 303 492 369 respondet,
523 309 641 352 velut
670 308 707 352 si
735 304 872 352 dicas:
904 322 1032 364 quam
1061 308 1168 352 nihil
1197 321 1298 352 curo
1328 307 1395 351 vel
1424 308 1516 359 scis,
1547 320 1677 362 quam
1706 307 1812 351 nihil
1830 306 2061 363 voluptatis
2085 319 2135 351 ex
2160 308 2240 351 hac
2259 320 2303 350 re
2325 307 2519 363 ceperim,
2551 305 2662 362 quod

250 374 399 416 tamen
434 379 486 412 eo
524 366 631 424 loeo,
671 366 724 411 de
794 380 851 411 uo
890 366 1069 423 agimus,
1105 365 1212 411 mihi
1252 363 1423 422 quidem
1457 365 1641 410 alienum
1677 377 1767 410 esse
1809 365 1985 410 videtur.
2055 364 2174 419 Quae
2213 377 2310 409 cum
2349 365 2411 408 ita
2452 365 2558 417 sint,
2602 365 2664 410 sic

251 422 524 474 scribendum
552 424 736 471 conicio:
809 458 820 470 .
850 425 893 471 h.
923 434 1005 483 que
1033 423 1194 477 testor,
1222 435 1307 482 qua
1333 426 1476 468 mente
1505 426 1550 469 et
1574 434 1662 481 quo
1691 424 1832 468 animo
1862 435 2028 481 semper
2054 424 2099 468 in
2127 436 2162 468 r.
2194 437 2232 481 p.
2262 423 2427 475 fuerim,
2461 435 2530 465 me
2559 424 2664 466 nihil

251 483 471 542 antimus
499 484 714 527 comuni
743 485 880 527 salute
909 496 961 526 ac
989 484 1187 526 libertate
1214 483 1411 525 iudicare.
1472 482 1700 532 Librarius,
1729 495 1827 524 cum
1856 496 1940 524 non
1970 483 2240 537 intellegeret
2267 483 2523 523 sententiam
2565 495 2662 536 ,qua

251 545 393 588 mente
421 549 480 573 -ὲ-
507 541 676 596 fuerim‘
705 542 925 585 relativam
955 553 1060 591 esse,
1087 541 1249 595 reliqua
1277 541 1444 583 mutare
1473 541 1645 584 coactus
1674 542 1752 582 est.

339 599 467 646 ·Jam
495 610 595 643 vero
621 599 667 643 in
690 597 963 644 'infinitivi
990 611 1072 643 usu
1101 597 1152 650 ei,
1192 597 1266 654 qui
1293 597 1372 642 has
1411 597 1611 654 epistolas
1640 596 1911 654 scripserunt,
1950 610 2078 654 quam
2113 597 2299 655 proxime
2330 597 2383 640 ad
2414 597 2661 641 familiarem

252 662 296 704 et
325 657 585 704 cotidianum
613 657 848 702 sermonem
880 657 1106 702 accessisse
1136 655 1403 713 existimandi
1432 655 1570 700 sunt*
1615 654 1734 709 Quae
1764 656 1894 698 etiam
1922 669 2049 699 causa
2078 657 2173 708 fuit,
2204 669 2281 698 cur
2299 655 2534 706 Stinnerus,
2566 669 2661 697 cum

252 730 301 760 ex
336 715 549 760 Ciceronis
587 715 778 772 epistolis
808 727 876 767 ea,
918 726 1024 770 quae
1064 715 1109 757 in
1149 714 1303 757 ceteris
1347 714 1438 756 eius
1476 713 1647 770 scriptis
1681 715 1758 756 aut
1795 726 1890 756 raro
1921 717 1996 756 aut
2040 715 2208 758 omnino
2238 727 2324 757 non
2362 714 2660 765 invenirentur,

251 774 497 831 depromere
517 772 599 817 sibi
618 772 918 829 proposuisset,
942 772 986 815 in
1006 772 1116 816 hanc
1138 784 1228 815 rem
1253 771 1566 815 accuratissime
1585 770 1828 826 inquireret.
1872 770 1953 825 Qui
1982 783 2080 814 cum
2108 772 2152 813 in
2180 771 2294 815 notis
2324 771 2493 826 saepius
2518 784 2662 813 earum

251 830 549 932 epffilarmp,
569 831 615 873 in
641 831 794 886 quibus
822 842 1051 931 versalmur,
1080 830 1340 930 mentlilonem
1359 828 1838 937 1fpinceritutamen·ratio
1867 829 2417 930 instittutaelldisputationis
2448 830 2662 883 postulare

251 902 291 932 vi
319 902 344 932 e
395 901 430 939 r,
459 901 489 930 u
536 901 553 931 1
583 900 628 931 se
658 901 804 931 omnes
834 901 905 932 eos
951 901 1061 938 ocos,
1095 900 1168 942 qm
1226 898 1280 930 uc
1306 899 1359 942 pe
1397 913 1402 920 -
1446 899 1524 930 ean
1586 899 1673 929 uno
1701 900 1746 929 m
1775 900 1954 942 conspec
1977 900 2003 930 u
2034 900 2083 930 co
2118 899 2247 929 ocem.

365 947 508 1001 Atque
538 901 770 989 slilbiecti
798 946 887 989 vice
916 945 1150 989 infinitivus
1179 943 1374 998 fungitur
1402 943 1467 987 his
1496 943 1625 988 ldcis:
1656 944 1695 994 8,
1726 945 1766 994 6,
1800 945 1821 987 1
1855 943 2059 999 (Caelius)
2092 946 2236 988 tutum
2265 944 2343 987 tibi
2372 945 2463 994 erit,
2495 946 2530 988 si
2562 945 2661 999 quid

250 1002 431 1048 volueris
478 1003 710 1058 gratificari
749 1002 1100 1059 (Quinctilianum
1149 1002 1345 1045 similiter
1394 1002 1585 1045 locutum
1629 1013 1720 1045 esse
1771 1002 2051 1058 lexicographi
2095 1000 2280 1055 docent).
2356 1000 2498 1054 Quid?
2551 1002 2662 1057 quod

251 1060 515 1106 accusativus
552 1074 586 1104 c.
615 1061 690 1104 inf.
732 1062 785 1104 ab
815 1061 964 1105 eodem
1003 1061 1208 1117 scriptore
1247 1059 1515 1114 coniungitur
1552 1072 1650 1102 cum
1678 1062 1803 1115 turpe
1837 1061 1915 1102 tibi
1953 1063 2019 1102 est
2059 1061 2098 1111 8,
2137 1061 2176 1110 6,
2221 1062 2268 1102 5:
2311 1063 2434 1115 turpe
2473 1060 2551 1101 tibi
2583 1061 2662 1102 erit

251 1119 480 1176 pantheras
507 1131 577 1162 1118
606 1131 692 1162 11011
719 1119 888 1170 habere,
920 1118 994 1162 cfr.
1026 1117 1066 1164 8.
1096 1119 1137 1164 9.
1167 1118 1207 1160 3.
1258 1117 1357 1160 Non
1385 1116 1636 1160 offendimur
1662 1130 1725 1167 eo,
1757 1117 1869 1173 quod
1893 1119 1931 1169 8,
1953 1119 1992 1168 3,
2016 1119 2037 1160 1
2065 1121 2157 1161 est:
2188 1118 2293 1160 mihi
2314 1117 2663 1160 iucundissimum

249 1176 468 1231 negotium
496 1178 590 1219 erat
618 1178 762 1220 tecum
791 1176 835 1219 id
865 1176 942 1219 otii
970 1178 1140 1231 tempus
1173 1186 1431 1218 consumere.
1491 1175 1649 1218 Contra
1687 1175 1824 1228 magis
1864 1176 1915 1218 ab
1945 1176 2104 1219 usitata
2133 1175 2332 1230 loquendi
2362 1175 2664 1218 consuetudine

248 1234 460 1278 remotum
489 1234 570 1283 est,
609 1233 721 1290 quod
763 1233 877 1289 apud
916 1232 1095 1276 eundem
1135 1232 1349 1276 invenitur
1378 1232 1417 1282 8,
1450 1233 1516 1284 10,
1547 1233 1600 1275 2:
1640 1231 1767 1275 Latet
1803 1233 1881 1275 sub
1912 1234 1990 1276 hac
2019 1233 2325 1289 temperantiae
2356 1233 2662 1275 existimatione

248 1291 362 1335 nolle
384 1290 660 1347 provinciam.
720 1290 865 1344 Quid?
895 1290 1008 1346 quod
1037 1290 1151 1333 idem
1179 1302 1256 1344 pro
1287 1289 1415 1344 ,loqui
1444 1291 1686 1346 coepenmt‘
1718 1291 1759 1339 8,
1790 1291 1830 1340 8,
1861 1291 1891 1331 2>
1919 1290 2041 1332 dixit:
2082 1291 2196 1345 loqui
2227 1293 2425 1345 coeptum
2456 1293 2534 1339 est,
2566 1294 2662 1331 tan—

249 1361 378 1404 quam
406 1348 519 1403 loqui
551 1348 786 1391 infinitivus
815 1348 971 1404 passivi
1000 1350 1125 1391 esset.
1185 1347 1283 1390 Huc
1313 1348 1444 1390 etiam
1472 1348 1671 1402 pertinet,
1701 1347 1815 1402 quod
1844 1348 1888 1390 in
1922 1360 1985 1402 ep.
2016 1347 2075 1390 M.
2107 1348 2229 1390 Bruti
2259 1351 2304 1390 et
2332 1346 2467 1390 Cassii
2498 1349 2564 1389 est
2597 1348 2662 1395 11,

249 1408 289 1458 3,
315 1408 367 1450 3:
396 1405 508 1449 Illud
534 1418 632 1450 vero
660 1405 1016 1462 quemadmodum
1036 1404 1255 1449 ferendum
1274 1405 1331 1449 sit
1351 1428 1404 1434 —
1425 1418 1510 1448 non
1533 1405 1658 1449 licere
1676 1429 1728 1435 -
1751 1404 1952 1449 decedere
1973 1403 2244 1461 (quamquam
2266 1403 2412 1448 Cicero
2435 1405 2526 1460 ipse
2546 1404 2663 1447 infin.

249 1476 348 1508 cum
376 1464 596 1508 ferendum
625 1467 693 1508 est
721 1461 968 1518 coniunxit).
1027 1463 1251 1507 Postremo
1280 1476 1366 1507 acc.
1399 1477 1433 1506 c.
1462 1463 1535 1507 inf.
1567 1464 1694 1507 verbo
1725 1464 1959 1520 pertinendi
1990 1463 2159 1506 additur
2187 1477 2213 1506 a
2233 1463 2391 1506 Planco
2414 1464 2481 1514 10,
2515 1464 2581 1513 15,
2616 1464 2662 1504 1:

248 1522 327 1566 His
343 1522 500 1566 litteris
523 1522 705 1578 scriptis,
729 1535 836 1578 quae
862 1524 1011 1578 postea
1032 1521 1295 1573 accidissent,
1312 1522 1418 1565 scire
1443 1524 1486 1564 te
1509 1521 1563 1564 ad
1585 1521 1891 1577 rempublicam
1914 1522 2058 1577 putavi
2076 1522 2296 1577 pertinere.
2328 1522 2392 1564 De
2410 1522 2490 1564 hoc
2513 1534 2662 1576 genere

247 1579 448 1635 loquendi
488 1579 708 1623 Stinnerus
746 1594 788 1635 p.
827 1581 883 1623 66
923 1580 1049 1623 dicit:
1089 1579 1312 1635 Proprium
1351 1592 1482 1635 paene
1523 1579 1631 1622 illud
1660 1591 1794 1633 genus
1831 1592 1921 1621 esse
1952 1580 2222 1634 epistolarum
2252 1580 2368 1622 haud
2399 1592 2499 1622 sane
2529 1592 2664 1634 pauca

248 1636 445 1679 similiter
471 1636 587 1680 dicta
616 1638 853 1693 approbant
882 1637 936 1679 ad
965 1636 1065 1678 fam.
1100 1637 1136 1686 1,
1168 1638 1207 1687 9,
1243 1638 1321 1686 253
1364 1637 1430 1685 13,
1461 1637 1529 1685 28,
1572 1649 1611 1678 a.
1644 1637 1693 1685 2;
1723 1636 1790 1678 ad.
1809 1639 1900 1678 Att.
1935 1638 1972 1685 1,
2006 1637 2070 1686 17,
2101 1637 2152 1684 43
2188 1638 2223 1685 1,
2258 1638 2323 1686 19,
2356 1639 2406 1685 5;
2440 1638 2478 1685 8,
2514 1638 2579 1683 14,
2611 1638 2662 1684 3;

248 1697 289 1743 9,
319 1696 360 1742 3,
394 1695 448 1742 13
479 1696 520 1743 9,
553 1696 620 1743 11,
652 1697 703 1735 Δ.
735 1696 786 1742 33
822 1696 889 1743 14,
922 1696 989 1743 16,
1019 1695 1059 1734 4.
1120 1694 1182 1734 Ex
1211 1694 1384 1747 reliquis
1413 1692 1626 1735 Ciceronis
1654 1694 1774 1734 libris
1801 1694 1907 1735 illud
1930 1697 2070 1747 potest
2093 1693 2231 1735 afferri
2253 1692 2323 1735 Or.
2350 1708 2425 1748 pro
2449 1693 2507 1735 M.
2530 1693 2662 1735 Marc.

248 1752 290 1803 9,
320 1752 390 1794 30.
450 1749 548 1794 Non
578 1751 702 1807 plane
733 1750 921 1795 eiusdem
950 1750 1115 1805 generis
1146 1754 1259 1802 sunt,
1291 1764 1398 1806 quae
1427 1750 1629 1804 leguntur
1658 1749 1710 1794 de
1741 1748 1809 1794 off.
1845 1751 1884 1801 2,
1919 1751 1984 1801 19,
2016 1751 2082 1794 65.
2443 1764 2446 1768 ·
2485 1762 2492 1769 ·

363 1807 492 1852 Obie
503 1808 576 1852 cti
611 1809 704 1852 loco
731 1808 896 1864 positus
926 1810 993 1852 est
1020 1808 1253 1852 infinitivus
1280 1821 1306 1852 a
1332 1807 1471 1852 Caelio
1505 1809 1543 1859 8,
1574 1810 1615 1859 9,
1650 1809 1698 1851 l:
1729 1820 1782 1851 ne
1813 1810 1937 1864 putes
1963 1809 2082 1851 illum
2116 1812 2285 1851 tantum
2312 1809 2483 1864 praedia
2505 1809 2662 1851 rustica

248 1866 350 1908 dare
390 1866 511 1908 scire.
569 1865 659 1908 Nec
698 1866 1026 1922 praetereundos
1068 1877 1217 1907 censeo
1267 1877 1338 1907 eos
1378 1866 1503 1914 locos,
1555 1866 1709 1920 quibus
1754 1867 1882 1907 verba
1927 1867 2163 1907 maturandi
2206 1870 2250 1907 et
2295 1867 2522 1908 festinandi
2564 1879 2661 1907 cum

249 1923 456 1966 infinitivo
487 1924 713 1966 coniuncta
741 1924 1013 1965 inveniuntur
1043 1924 1110 1973 10,
1152 1923 1220 1973 21,
1259 1925 1285 1964 2
1316 1921 1534 1976 (Plancus)
1572 1926 1624 1965 ut
1658 1926 1919 1965 maturarem
1950 1923 2087 1964 venire
2116 1926 2159 1965 et
2191 1924 2256 1970 10,
2300 1925 2369 1972 33,
2411 1924 2437 1964 3
2470 1922 2661 1975 (Asinius

247 1977 426 2035 Pollio):
455 1980 673 2023 festinavit
702 1979 940 2034 confligere,
972 1993 1230 2035 quamquam
1259 1980 1322 2023 ita
1352 1980 1476 2023 etiam
1506 1980 1690 2035 optimos
1720 1980 1947 2035 scriptores
1977 1981 2138 2023 locutos
2161 1993 2251 2023 esse
2276 1983 2456 2024 constat.
2503 1979 2662 2023 Contra

249 2051 275 2081 a
303 2040 540 2081 ceterorum
570 2037 873 2082 consuetudine
903 2049 1076 2094 prorsus
1104 2037 1301 2082 discessit
1329 2036 1546 2089 Leutulus,
1585 2050 1683 2081 cum
1725 2039 1789 2089 12,
1831 2038 1896 2088 14,
1938 2038 1961 2080 7
2001 2037 2188 2093 scripsit:
2239 2037 2469 2093 Nunquam
2511 2038 2662 2080 defeti—

248 2096 382 2150 gabor
409 2108 668 2152 permanere.
728 2096 828 2140 Jam
858 2108 958 2139 vero
986 2096 1090 2138 mihi
1119 2096 1359 2139 transeunti
1396 2095 1450 2138 ad
1480 2107 1551 2139 eos
1580 2096 1708 2147 locos,
1751 2097 1904 2151 quibus
1938 2109 2022 2139 acc.
2055 2109 2088 2138 c.
2120 2096 2193 2138 inf.
2225 2109 2321 2138 cum
2352 2096 2490 2138 verbis
2520 2096 2661 2138 decla-

249 2152 372 2196 randi
406 2155 453 2197 et
481 2153 692 2197 sentiendi
733 2153 984 2197 coniunctus
1024 2155 1176 2205 exstat,
1206 2165 1256 2196 ea
1286 2153 1557 2209 praemittere
1587 2153 1703 2205 libet,
1745 2166 1852 2210 quae
1877 2153 2094 2196 Stinnerus
2124 2167 2163 2209 p.
2195 2155 2250 2196 63
2281 2153 2461 2209 profert:
2500 2153 2588 2196 Nec
2618 2155 2661 2196 in

249 2223 299 2254 eo
329 2211 553 2254 verborum
582 2224 748 2266 genere,
779 2212 890 2267 quod
915 2212 969 2254 ad
996 2213 1169 2254 nuntios
1189 2212 1374 2268 perlatos
1402 2211 1588 2266 pertinet
1613 2212 1926 2265 significandOS,
1951 2225 2033 2254 non
2060 2224 2261 2265 agnoscas
2295 2212 2412 2254 illam
2439 2212 2661 2267 praecipue

250 2268 514 2319 brevitatem,
557 2268 610 2310 de
647 2281 731 2322 qua
773 2269 940 2323 saepius
981 2268 1144 2310 dictum
1174 2271 1253 2319 est,
1296 2268 1502 2322 siquidem
1540 2269 1790 2323 simpliciter
1825 2269 1989 2318 deferri,
2031 2268 2212 2323 perferri,
2259 2268 2406 2310 referri
2447 2282 2496 2310 ea
2526 2270 2663 2311 solent

251 2322 346 2378 dici,
389 2338 570 2382 quorum
609 2326 712 2370 alias
741 2325 917 2370 nuntii
946 2325 1033 2370 fere
1070 2325 1344 2384 perhibentur
1377 2326 1460 2369 huc
1490 2325 1590 2370 illuc
1619 2326 1751 2370 delati
1781 2338 1884 2380 esse,
1932 2326 2051 2370 Locis
2092 2324 2374 2370 Ciceronianis
2410 2339 2435 2369 a
2466 2325 2660 2371 Stinnero

365 2532 384 2551 *
407 2531 568 2567 Eandem
597 2532 813 2567 sententiam
836 2531 1020 2577 Reisigius
1046 2534 1179 2577 profert
1201 2533 1261 2568 Gr.
1294 2533 1353 2569 lat.
1385 2535 1405 2579 §
1435 2536 1521 2578 321,
1554 2534 1617 2569 ubi
1657 2535 1701 2569 de
1733 2547 1803 2570 non
1836 2535 1975 2575 dubito,
2014 2546 2095 2569 cum
2127 2534 2333 2569 accusativo
2366 2546 2448 2569 cum
2482 2535 2660 2570 infinitivo

251 2577 442 2614 coniuncto
465 2589 486 2614 e
558 2577 631 2614 nit:
656 2577 759 2614 Zwar
781 2578 831 2614 ist
853 2577 970 2614 davon
994 2578 1105 2615 sehon
1130 2590 1194 2614 zur
1217 2578 1295 2615 Zeit
1317 2579 1380 2615 der
1404 2578 1609 2616 bliihenden
1631 2579 1803 2616 Latiniffit
1835 2580 2004 2616 mancher
2026 2579 2279 2615 Schriftsteller
2302 2581 2544 2624 abgewiehen.
2569 2582 2658 2617 doch

250 2633 317 2659 8118
347 2624 431 2660 (18111
461 2588 651 2660 Gssssauch
682 2624 746 2660 (188
769 2624 894 2677 Cicero
924 2624 1013 2661 liisst
1043 2625 1124 2661 sich
1155 2624 1364 2678 schlicssen,
1397 2626 1479 2661 dass
1510 2638 1595 2662 man
1626 2638 1696 2662 nur
1726 2638 1778 2661 im
1809 2627 1995 2672 gemeinen
2020 2626 2137 2661 Leben
2168 2626 2226 2660 bei
2257 2626 2503 2671 nachliissiger
2527 2630 2592 2662 Διῒ
2617 2640 2663 2663 zu

250 2669 361 2705 reden
392 2670 546 2714 abwich,
577 2681 647 2705 Wle
678 2669 734 2706 Ne
830 2682 870 2706 111
902 2671 967 2706 der
988 2671 1145 2707 Vorrede
1176 2683 1247 2707 non
1279 2672 1402 2708 dubito
1433 2673 1506 2708 fore
1538 2672 1737 2718 plerosque,
1770 2674 1883 2708 wofiir
1913 2673 2035 2709 Cicero
2067 2684 2136 2708 non
2168 2673 2291 2708 dubito
2323 2673 2411 2718 quin
2444 2674 2557 2709 futuri
2588 2675 2663 2709 sint

253 2713 418 2762 plerique
440 2715 565 2753 wurde
588 2718 715 2762 gesagt
734 2682 864 2769 ffben.
911 2715 1138 2770 Quibuscum
1161 2717 1389 2754 consentiunt
1411 2729 1463 2762 ea,
1488 2729 1579 2764 quae
1602 2729 1625 2755 a
1648 2718 1811 2755 Gemssio
1835 2718 2019 2765 (Zeitschr.
2046 2719 2062 2753 f
2086 2719 2246 2765 Gymnw.
2273 2720 2371 2764 1878,
2397 2718 2562 2760 October)
2587 2720 2663 2754 dis-

250 2763 375 2806 putata
397 2762 711 2815 suntanemnach
734 2762 860 2815 ist-als
882 2762 1101 2809 vollsffindig
1116 2764 1304 2843 ffoeichert
1332 2765 1391 2799 fiir
1421 2765 1479 2799 die
1503 2765 1739 2810 Verbindung
1770 2777 1841 2800 von
1871 2777 1941 2800 non
1972 2765 2094 2800 dubito
2125 2766 2192 2799 mit
2221 2766 2303 2800 dem
2335 2767 2420 2800 Ace.
2445 2777 2474 2800 c.
2501 2766 2569 2800 Inf.
2595 2778 2664 2801 nur

250 2807 457 2843 anzusehen
480 2808 540 2844 (118
563 2807 673 2844 Stelle
695 2820 735 2842 1n
759 2819 878 2843 emem
899 2807 1094 2854 Fragment
1140 2820 1179 2844 es
1203 2808 1481 2845 Oeconomicus:
1514 2810 1597 2856 quis
1629 2811 1727 2846 enim
1752 2811 1889 2845 dubitet
1912 2810 2003 2844 nihil
2029 2822 2106 2845 csse
2131 2810 2318 2855 pulchrius
2343 2811 2381 2845 in
2405 2811 2503 2845 omni
2526 2812 2664 2847 ration(-

250 2852 348 2888 vitae
370 2853 606 2900 dispositione
629 2856 736 2900 atque
759 2854 893 2890 ordine.
940 2854 985 2889 In
1008 2855 1078 2890 den
1101 2855 1247 2891 Briefen
1270 2856 1361 2891 wird
1385 2856 1482 2891 diese
1504 2856 1757 2892 Construction
1780 2857 1825 2892 ad
1849 2858 1919 2891 fam
1958 2858 2009 2900 12,
2042 2859 2083 2892 16
2106 2868 2175 2891 von
2198 2856 2404 2896 Trebonius,
2433 2859 2485 2900 16,
2510 2858 2552 2892 21
2581 2870 2662 2893 vom

250 2897 370 2934 Sohne
399 2899 464 2936 des
494 2898 620 2936 chro
641 2900 856 2953 'gebrauchh
904 2900 1023 2936 Ueber
1058 2901 1124 2936 das
1153 2900 1393 2937 Vorkommen
1434 2902 1552 2937 dieser
1581 2903 1817 2947 Verbindung
1846 2902 1934 2937 lasst
1964 2903 2043 2937 sich
2082 2903 2192 2937 daher
2223 2902 2422 2946 Folgendes
2453 2903 2663 2939 feststellen.

249 2943 370 2982 8811011
392 2956 441 2982 zu
461 2944 606 2985 Ciceros
628 2946 708 2983 Zeit
729 2957 804 2983 war
826 2947 890 2983 der
911 2948 997 2983 Ace.
1022 2957 1054 2982 c.
1077 2946 1141 2982 inf.
1166 2947 1219 2982 im
1243 2947 1442 2990 Gebrauch,
1466 2948 1714 2985 nachweisbar
1736 2948 1786 2984 ist
1808 2959 1847 2983 er
1878 2948 1917 2982 111
1940 2948 2021 2982 (18111
2052 2947 2249 2983 leichteren
2281 2948 2444 2984 Briefstil
2478 2949 2542 2985 des
2565 2949 2666 2985 Treb.

249 2990 326 3027 und
347 2991 473 3029 Cicero
496 2992 561 3028 (198
583 2992 732 3037 80111188,
756 2992 1059 3029 wahrscheinlich
1090 3003 1195 3038 sogar
1225 2994 1320 3030 auch
1350 3006 1422 3030 von
1445 2994 1569 3031 Cicero
1691 2995 1830 3030 wendet
1860 2995 1897 3029 111
1930 2995 1999 3029 (1811
2029 2994 2174 3030 Briefen
2205 2996 2281 3030 und
2313 2996 2352 3031 in
2376 2998 2534 3041 enegter
2557 2997 2664 3040 Rede,

249 3035 518 3075 unzweifelhast
539 3037 579 3073 in
602 3038 666 3074 der
688 3036 799 3074 Stelle
821 3049 888 3075 8118
911 3038 993 3075 (18111
1017 3037 1286 3074 Oeconomicus.
1335 3039 1442 3076 Sonst
1472 3039 1604 3075 meidet
1638 3040 1645 3046 '
1724 3040 1845 3075 Cicero
1889 3039 1997 3074 sowie
2021 3039 2130 3075 08881
2161 3041 2236 3075 und
2261 3040 2406 3087 Sallust,
2439 3044 2559 3088 spater
2583 3043 2666 3076 aber

249 3082 361 3133 findet
381 3094 423 3119 er
444 3084 526 3119 sich
548 3084 751 3136 allgemein.
800 3085 985 3136 Cornelius
1009 3085 1073 3136 hat
1095 3085 1160 3119 11111
1184 3086 1490 3130 ausschliesslich,
1516 3099 1555 3133 er
1578 3087 1626 3121 ist
1649 3087 1827 3121 der.erste
1843 3067 2109 3122 §christstellen
2135 3087 2200 3122 der
2224 3088 2323 3122 diese
2349 3088 2387 3122 in
2411 3089 2474 3123 der
2498 3089 2665 3132 gcwiihn-

249 3125 372 3166 hchm
443 3129 554 3167 rache
577 3129 773 3166 sicherhch
796 3132 882 3167 weit
903 3129 1115 3166 verbreitcte
1139 3129 1389 3168 Construction
1413 3132 1452 3167 in
1476 3131 1534 3167 die
1558 3131 1842 3177 Schriftsprache
1866 3131 2035 3167 einfiihrt.
2084 3132 2213 3168 Cornel
2236 3132 2337 3168 lehnt
2361 3133 2442 3169 sich
2466 3133 2541 3170 also
2565 3134 2666 3170 nicht

249 3183 297 3209 an
320 3174 391 3211 den
462 3176 731 3222 rachgebrauch
755 3177 856 3212 einer
879 3177 1048 3211 friiheren
1072 3177 1151 3212 Zeit
1173 3188 1230 3221 an,
1254 3178 1433 3212 vieImehr
1455 3179 1542 3222 liegt
1567 3179 1624 3212 die
1650 3178 1763 3212 Sache
1788 3188 1837 3220 so,
1870 3179 1953 3212 dass
1977 3178 2106 3215 Comei
2130 3180 2215 3214 kein
2240 3180 2432 3214 Bedenken
2455 3183 2549 3226 tragt
2572 3182 2665 3215 auch

248 3217 299 3254 W
519 3221 596 3258 und
617 3221 771 3259 Formen
801 3222 1054 3268 anzuwenden,
1086 3221 1223 3258 welche
1255 3222 1314 3258 die
1346 3223 1540 3259 vornehme
1572 3222 1858 3269 Schriftsprache
1890 3223 2045 3260 ablehnt.
2103 3225 2184 3271 Vgl.
2216 3226 2294 3262 face
2319 3243 2363 3255 =
2387 3226 2443 3262 fac
2475 3226 2583 3270 (auch
2608 3226 2665 3262 bei

250 3263 377 3303 cicero
553 3268 594 3304 in
617 3268 700 3304 dem
723 3268 788 3303 der
808 3268 955 3305 Dicticn
978 3269 1040 3304 des
1071 3268 1191 3314 Nepos
1215 3269 1296 3304 sich
1318 3269 1523 3304 niihernden
1546 3269 1649 3304 Brief
1661 3270 1713 3304 *ad
1737 3270 1819 3304 fam.
1847 3272 1900 3314 16,
1929 3272 1981 3315 18,
2006 3272 2054 3315 3),
2091 3272 2209 3306 ferner
2239 3273 2304 3307 das
2337 3283 2403 3307 aus
2427 3273 2490 3306 der
2513 3273 2665 3318 Vulgar-

250 3311 403 3359 sprnche
425 3312 608 3353 eutlehnte
631 3313 968 3361 impraesentiarum
992 3313 1123 3362 (Hann.
1148 3316 1180 3362 6,
1205 3316 1252 3362 2),
1277 3315 1341 3352 das
1365 3326 1430 3352 aus
1455 3316 1516 3351 der
1540 3314 1697 3362 Sprache
1721 3315 1784 3353 der
1800 3315 1950 3353 Gesetze
1974 3318 2197 3354 stammende
2222 3329 2305 3364 ergo
2329 3318 2447 3364 (Paus.
2470 3322 2498 3365 1,
2523 3320 2558 3364 3)
2583 3330 2618 3355 u.
2635 3330 2667 3357 a.
