2887 3652
1411 141 1465 184 16

342 278 547 320 Verba:
592 280 632 328 8,
673 277 713 327 9,
754 280 779 320 5
817 275 1020 331 (Caelius)
1053 278 1406 329 contristare,
1444 281 1593 335 postea
1630 292 1656 322 a
1686 277 1872 332 Vergilio
1912 280 1957 322 et
1985 278 2145 323 Seneca
2180 280 2448 334 usurpatum,
2483 278 2524 329 8,
2555 277 2597 328 ,4,
2628 278 2655 320 2

227 334 431 390 (Caelius)
463 335 741 378 scaturire
773 332 905 390 (apud
930 333 1132 379 Senecam
1157 337 1201 378 et
1229 333 1507 381 Columellam
1528 336 1633 380 item
1653 333 1826 391 exstat),
1859 335 1927 387 15,
1959 336 2025 388 19,
2055 336 2078 380 1
2105 333 2172 391 (C.
2197 331 2389 391 Cassius)
2400 346 2656 390 ,regerere

227 395 410 450 primum
439 394 520 436 hoc
550 394 648 449 loco·
680 393 855 449 reperiri
896 393 1074 449 videtur,
1121 405 1144 436 e
1181 393 1486 449 posterioribus
1524 395 1638 438 solus
1678 392 1884 438 Horatius
1923 393 2071 439 eadem
2108 393 2150 438 vi
2192 393 2435 450 praeditum
2476 392 2658 449 usurpat

226 453 432 505 (convicia
471 449 695 505 regerere),
739 452 805 502 10,
851 452 918 501 15,
959 452 987 493 4
1018 448 1238 505 (Plancus)
1277 464 1765 507 praecognoscere
1812 449 2104 507 (praecognito
2146 453 2294 495 nostro
2342 447 2548 506 adventu)
2578 461 2656 493 vox

224 524 320 553 rara
351 524 416 565 ap.
446 508 709 559 Suetonium,
741 508 981 559 Boethium,
1012 509 1055 551 in
1079 508 1265 563 Vulgata
1298 510 1334 552 1.
1366 509 1481 554 Ρο11.
1516 511 1553 561 1,
1585 512 1640 553 20
1670 512 1828 559 exstat3
1863 510 1930 560 16,
1961 510 2031 561 27,
2071 511 2098 552 2
2141 507 2208 564 (Q.
2240 508 2408 565 Cieero)
2437 508 2656 557 dissua-

225 568 354 610 viari
385 562 486 623 (ἅπ.
521 564 642 622 lay.)
704 566 764 609 Ex
805 566 886 610 hoc
929 566 1066 610 indice
1109 567 1277 622 praeter
1319 569 1482 612 ceteros
1513 567 1703 612 Caelium
1742 567 1934 622 linguam
1972 567 2152 611 latinam
2180 566 2301 610 novis
2329 566 2468 611 verbis
2497 565 2655 609 ditasse

223 641 247 668 a
309 629 412 669 aret.

250 641 306 682 pp
340 684 439 727 Jam
462 695 557 725 vero
584 683 636 724 ad
658 682 846 735 singulos
868 681 1095 737 scriptores
1117 684 1393 725 transeamus.
1443 684 1584 738 Atque
1604 696 1756 737 agmen
1792 696 1938 726 eorum
1967 682 2087 726 ducit
2111 681 2346 726 Servius
2374 679 2657 737 Sulpicius

226 742 409 792 Rufus,
446 741 489 783 in
528 751 609 794 quo
642 738 787 783 Cicero
820 737 1013 795 (Brutus,
1056 738 1079 793 ᾗ
1124 739 1218 790 150,
1260 738 1360 793 156)
1401 752 1500 784 011111
1536 741 1674 785 11111113
1709 740 1792 784 3113
1823 742 1918 784 111111
1952 739 2058 784 11300
2095 739 2265 784 laudat:
2307 737 2526 792 ,Adiunxit
2551 736 2657 782 iuris

226 800 474 855 prudentiae
506 801 550 839 et
580 798 826 840 dialecticae
859 798 987 840 etiam
1018 797 1258 840 litterarum
1283 798 1504 841 scientiam
1537 802 1580 842 et
1610 799 1808 854 loquendi
1844 798 2112 853 elegantiam,
2143 809 2251 853 quae
2275 810 2324 840 ex
2353 796 2524 853 scfiptis
2553 793 2655 845 eius,

225 870 404 913 quorum
451 856 604 897 similia
649 855 768 896 nulla
813 857 934 904 sunt,
982 854 1180 897 facillime
1230 855 1411 911 perspici
1453 858 1623 911 potest.⁶
1696 855 1815 909 Quod
1858 868 1884 899 a
1919 855 2044 899 docto
2081 857 2125 899 et
2162 854 2427 910 intellegenti
2465 854 2558 898 eius
2595 851 2656 894 rei

225 916 512 958 existimatore
544 911 746 955 Cicerone
778 925 873 955 vere
903 912 1135 955 iudicatum
1169 925 1273 962 esse,
1304 912 1497 967 inprimis
1528 927 1577 957 ex
1608 914 1788 956 duarum
1818 913 2093 968 epistolarum
2122 913 2273 967 priore,
2303 924 2388 968 (1113
2412 910 2656 955 Ciceronem

223 975 274 1016 ‹le
305 974 445 1015 morte
478 970 589 1014 filiae
622 970 877 1020 consolatur,
911 970 1216 1023 cognoscimus.
1279 968 1370 1022 Quo
1402 971 1539 1026 magis
1570 971 1702 1015 miror
1731 984 1829 1015 eum
1859 984 1884 1014 a
1914 970 2128 1015 communi
2156 970 2272 1013 illius
2301 970 2457 1013 aetatis
2479 978 2657 1019 consue-

224 1032 372 1073 tudine
417 1028 658 1071 discessisse
703 1027 765 1069 ita
813 1027 1054 1070 scribendo:
1113 1027 1173 1070 Ut
1228 1040 1326 1069 cum
1379 1027 1521 1083 aliquo
1575 1028 1842 1073 adolescente
1897 1028 2095 1084 primario
2148 1028 2375 1071 coniuncta
2418 1028 2657 1071 aetatem

224 1089 448 1141 gereret.
481 1085 783 1140 Lexicographi
804 1085 959 1127 docent
974 1085 1150 1128 verbum
1171 1098 1288 1139 gere
1302 1085 1391 1128 ndi
1419 1086 1636 1129 interdum
1657 1100 1756 1130 cum
1776 1087 1903 1130 verbo
1926 1086 2132 1141 agendi
2155 1085 2421 1130 commutari.
2461 1084 2656 1138 Namque

223 1144 606 1247 101108131ῗέ1
636 1154 798 1255 ’ἔέθὶῗ
826 1154 1065 1245 ffissffi
1082 1142 1642 1257 ῖῗὲἓωᾉέῗᾊωέωῗῆῖὲῗ
1676 1145 1822 1246 Ρὶἷὲἑὶ
1845 1157 2040 1247 Ρξὲαῗὲὼ
2064 1139 2655 1258 (ὲῖἰῖθῗᾞῗωέᾟοῗᾎὲ

223 1262 468 1318 ,principem
512 1260 669 1313 gerere‘
711 1259 817 1302 dixit
856 1261 985 1314 atque
1016 1259 1210 1302 Valerius
1240 1259 1351 1302 Max.
1390 1260 1435 1303 in
1475 1259 1622 1303 eadem
1660 1260 1873 1304 sententia
1912 1262 2139 1315 utrumque
2167 1258 2342 1303 verbum
2370 1258 2488 1302 nullo
2518 1257 2651 1313 signi-

223 1319 432 1362 ficationis
460 1317 700 1360 discrimine
729 1317 952 1372 usurpavit
979 1317 1018 1367 7,
1051 1317 1100 1359 7:
1132 1317 1269 1359 Multo
1297 1316 1345 1369 Q.
1368 1317 1568 1360 Metellus
1600 1319 1841 1374 praetorem
1863 1318 2072 1361 urbanum
2110 1317 2361 1362 severiorem
2390 1316 2492 1372 egit,
2523 1327 2651 1372 quam

222 1377 395 1420 Orestes
426 1376 628 1429 gesserat.
679 1373 786 1416 Eam
810 1376 968 1425 tamen,
1000 1374 1053 1417 de
1076 1387 1159 1428 qua
1189 1375 1343 1428 agitur,
1374 1375 1632 1418 locutionem
1665 1377 1864 1426 ,aetatem
1895 1377 2070 1430 gerere‘,
2101 1376 2137 1420 si
2166 1377 2327 1433 poetas,
2357 1380 2409 1417 ut
2433 1373 2649 1418 Valerium

222 1435 424 1478 Flaccum
455 1431 622 1487 excipis,
653 1444 777 1474 nemo
808 1431 853 1474 in
883 1445 1011 1475 usum
1041 1445 1165 1474 suum
1197 1432 1405 1476 convertit
1435 1445 1568 1486 usque
1599 1433 1653 1475 ad
1686 1431 1956 1483 Suetonium,
1989 1433 2062 1487 qui
2091 1433 2217 1488 Vesp.
2250 1433 2307 1475 24
2336 1431 2461 1475 dixit:
2491 1443 2651 1474 annum

221 1504 372 1543 gerens
403 1490 558 1534 aetatis
589 1489 900 1543 sexagesimum
929 1502 979 1533 ac
1008 1502 1168 1533 nonum
1201 1490 1244 1533 et
1274 1488 1433 1545 Domit.
1468 1490 1513 1532 1:
1554 1489 1715 1545 primae
1745 1489 2054 1534 adolescentiae
2084 1492 2254 1545 tempus
2283 1488 2464 1543 gessisse
2501 1486 2648 1532 fertur.

221 1551 396 1592 Praeter
425 1550 536 1590 hanc
567 1547 796 1590 dictionem
828 1549 872 1590 et
902 1559 963 1597 ea,
1005 1558 1112 1602 quae
1144 1559 1273 1603 supra
1303 1548 1432 1590 attuli
1463 1546 1655 1602 (minoris
1698 1546 1951 1600 existimare,
1990 1547 2264 1592 circumcirca
2302 1544 2403 1601 alia)
2435 1544 2542 1592 nihil
2569 1547 2648 1597 est,

222 1608 333 1662 quod
364 1607 416 1648 ab
448 1606 561 1648 illius
591 1604 745 1647 aetatis
776 1617 858 1647 usu
889 1604 1069 1655 differat,
1101 1605 1182 1648 nisi
1213 1605 1306 1660 quis
1337 1606 1512 1647 verbum
1537 1606 1713 1662 simplex
1743 1605 1884 1649 minus
1915 1605 2123 1650 usitatum
2143 1605 2301 1662 ‚apisci‘
2334 1601 2541 1659 (laudem)
2572 1616 2649 1660 pro

223 1664 456 1719 composito
488 1662 511 1715 ἓ
544 1664 570 1705 6
600 1665 856 1717 usurpatum
886 1663 971 1705 huc
1001 1663 1212 1717 pertinere
1242 1666 1380 1718 putat.

337 1722 455 1764 Duae
486 1720 689 1775 epistolae
719 1718 993 1763 Metellorum
1024 1721 1063 1771 5,
1103 1720 1124 1762 1
1160 1722 1203 1763 et
1234 1721 1260 1763 3
1290 1720 1501 1764 breviores
1532 1723 1646 1772 sunt,
1688 1733 1816 1774 quam
1856 1723 1907 1763 ut
1936 1721 1988 1764 de
2019 1733 2210 1764 sermone
2242 1732 2389 1762 eorum
2418 1717 2650 1762 existimari

247 1780 363 1824 ossit.

218 1796 243 1837 p
333 1839 496 1879 Auctor
535 1849 597 1890 ep.
641 1835 667 1875 9
700 1837 743 1877 et
788 1836 841 1876 10
880 1834 1069 1877 eiusdem
1111 1835 1209 1877 libri
1260 1835 1455 1878 Vatinius
1498 1838 1584 1885 est,
1633 1848 1759 1890 quem
1816 1835 2074 1890 antiquitate
2130 1834 2390 1877 delectatum
2433 1845 2524 1877 esse
2563 1846 2650 1876 non

218 1896 354 1937 solum
386 1906 436 1935 ex
467 1893 539 1942 eis,
583 1904 687 1945 quas
729 1903 857 1946 supra
887 1889 1189 1945 congessimus,
1230 1893 1452 1935 verborum
1490 1891 1636 1934 formis
1679 1889 1816 1947 (velut
1852 1891 1993 1944 dicier,
2030 1892 2137 1935 mihi
2163 1909 2222 1927 =
2251 1890 2322 1943 mi,
2365 1886 2536 1945 meme),
2574 1889 2649 1934 sed

218 1954 348 1995 etiam
379 1964 427 1993 ex
457 1951 517 1993 eis
541 1950 715 1992 vocibus
746 1949 888 2004 paullo
920 1949 1058 2003 magis
1087 1949 1237 2003 priscis
1270 1949 1576 2004 cognoscimus,
1608 1950 1760 2003 quibus
1789 1949 1835 1993 111
1864 1949 1930 1993 1113
1961 1949 2151 2006 epistolis
2181 1961 2284 1993 usus
2315 1950 2393 1992 est.
2452 1947 2648 2003 Namque

217 2024 266 2053 ex
296 2008 599 2050 vetustioribus
631 2006 920 2060 scriptoribus,
952 2007 1069 2048 velut
1098 2006 1264 2057 Plauto,
1295 2008 1519 2050 mutuatus
1550 2019 1641 2050 esse
1671 2007 1841 2050 videtur
1871 2006 2278 2062 praemandare
2309 2003 2647 2060 (steckbrieflich

218 2063 465 2119 verfolgen),
497 2066 542 2107 et
572 2063 862 2114 extricare,
895 2066 938 2106 et
968 2063 1081 2118 quod
1114 2063 1180 2114 10,
1214 2065 1239 2106 2
1272 2066 1423 2115 exstat,
1456 2063 1817 2120 disperdidit.

334 2122 493 2166 Contra
536 2122 579 2163 in
611 2121 791 2172 Lucceii,
835 2134 976 2164 rerum
1017 2122 1247 2176 scriptoris,
1287 2134 1479 2165 sermone
1521 2120 1604 2177 (ep.
1643 2122 1682 2172 5,
1729 2119 1801 2176 14)
1845 2122 1951 2165 nihil
1992 2123 2070 2174 est,
2117 2121 2228 2177 quod
2272 2134 2369 2164 cum
2407 2119 2647 2176 aequalium

217 2180 417 2236 loquendi
447 2193 528 2223 usu
559 2179 782 2235 discrepet.

332 2239 450 2294 Idem
480 2237 585 2281 mihi
614 2236 887 2280 iudicandum
919 2249 1010 2280 esse
1043 2237 1208 2280 videtur
1250 2236 1300 2280 de
1332 2237 1512 2293 epistola
1537 2236 1738 2281 Caecinae
1770 2235 1829 2293 (6,
1862 2235 1907 2291 7)
1940 2237 2041 2289 eius,
2074 2237 2146 2293 qui
2175 2239 2351 2294 propter
2379 2235 2569 2280 libellum
2599 2235 2645 2279 in

219 2296 409 2340 Caesaris
446 2295 641 2338 iniuriam
674 2294 963 2406 conffcriptum
1003 2294 1046 2337 in
1077 2294 1247 2338 exilium
1278 2295 1437 2339 eiectus
1466 2298 1531 2339 est
1561 2293 1644 2350 (De
1668 2308 1909 2352 ,persuasus
1940 2297 2018 2340 est‘
2050 2298 2094 2339 et
2122 2295 2250 2339 verbo
2282 2293 2536 2352 ,recipiendi‘
2567 2292 2643 2338 cfr.

216 2369 278 2406 ea,
340 2367 418 2396 uae
449 2367 499 2396 su
529 2367 576 2395 ra
605 2366 782 2395 monui.

311 2369 383 2454 qIn
422 2367 613 2466 periirevi
651 2410 868 2463 Bithynici
909 2410 1090 2465 epistola
1129 2408 1188 2463 (6,
1230 2408 1302 2465 16)
1341 2411 1499 2454 locutio
1541 2413 1626 2454 est:
1668 2413 1858 2466 repetere
1897 2410 2019 2455 initia
2056 2410 2267 2455 amicitiae
2310 2423 2359 2453 ex
2397 2409 2644 2465 parentibus

215 2470 386 2519 nostris,
433 2479 541 2522 quae
584 2467 769 2522 proxime
810 2468 973 2510 accedit
1018 2468 1070 2510 ad
1102 2468 1422 2512 similitudinem
1452 2468 1554 2520 eius,
1596 2468 1707 2525 quod
1748 2467 1893 2512 Cicero
1924 2468 2014 2524 ipse
2043 2481 2106 2524 pr.
2139 2467 2259 2512 Caec.
2290 2466 2314 2522 ἓ
2347 2467 2401 2510 10
2432 2466 2553 2511 dixit:
2587 2465 2645 2510 Et

213 2529 247 2570 si
284 2528 394 2569 forte
427 2526 601 2568 videbor
631 2524 760 2566 altius
792 2525 963 2568 initium
991 2525 1052 2567 rei
1082 2526 1437 2569 demonstrandae
1467 2527 1636 2582 petisse.

333 2584 381 2626 In
416 2583 531 2626 Curii
565 2582 744 2638 epistola
783 2582 820 2632 7,
860 2583 915 2624 29
946 2595 1052 2637 quae
1090 2583 1374 2635 inveniuntur,
1417 2584 1844 2640 coemptionalis
1875 2585 1919 2627 et
1948 2583 2152 2627 fidelia
2181 2584 2269 2627 iam
2298 2595 2323 2627 a
2353 2583 2413 2626 ud
2440 2582 2644 2626 Plautum

213 2645 393 2686 exstant.
454 2639 723 2683 Praeterieris
749 2652 1032 2682 commemoro
1061 2653 1137 2682 nos
1164 2654 1212 2682 ex
1236 2642 1316 2683 hac
1346 2641 1524 2696 epistola
1549 2643 1640 2684 sola
1669 2641 1939 2697 proverbium
1962 2641 2060 2691 ,duo
2093 2641 2275 2697 parietes
2334 2653 2358 2683 0
2386 2653 2474 2683 11113
2500 2637 2644 2682 fidelia

210 2699 422 2744 dealbare‘
454 2697 675 2753 cognitum
704 2696 873 2740 habere.

305 2757 461 2800 Venio
505 2757 558 2799 ad
605 2755 908 2812 septemdecim
951 2755 1152 2812 epistolas
1185 2755 1314 2800 Caelii
1345 2757 1431 2801 sive
1463 2756 1606 2809 Coelii,
1654 2769 1762 2812 quae
1790 2757 1899 2801 libro
1930 2759 2078 2802 octavo
2110 2757 2393 2803 continentur.
2453 2754 2643 2810 Quarum

211 2831 307 2858 cum
339 2819 430 2858 tam
461 2826 642 2867 magnus
662 2827 864 2855 numerus
895 2814 964 2863 sit,
995 2815 1046 2854 ut
1076 2813 1173 2855 inde
1204 2815 1256 2855 de
1288 2814 1417 2856 Caelii
1448 2827 1640 2857 sermone
1671 2816 1830 2871 optime
1851 2816 2082 2858 existimari
2100 2816 2248 2872 possit,
2280 2827 2432 2871 operae
2458 2813 2643 2882 pretium

211 2887 302 2918 esse
333 2873 501 2916 videtur
530 2870 729 2923 indicare,
768 2870 870 2926 quid
901 2873 944 2915 et
975 2869 1141 2926 antiqui
1171 2873 1214 2915 et
1245 2872 1501 2917 recentiores
1531 2873 1759 2928 scriptores
1790 2873 1842 2917 de
1872 2886 1921 2917 eo
1950 2872 2191 2918 iudicarint.
2251 2871 2394 2928 Atque
2425 2869 2569 2915 Cicero
2598 2869 2643 2914 in

212 2933 346 2974 Bruto
369 2930 392 2984 ξ
417 2931 520 2987 2735
554 2929 655 2981 ,Nec
685 2941 783 2973 vero
814 2928 874 2972 M.
903 2928 1108 2980 Caelium,
1140 2929 1291 2985 inquit,
1322 2929 1678 2987 praetereundum
1709 2930 1904 2984 arbitror,
1935 2943 2211 2988 quaecunque
2242 2930 2331 2975 eius
2359 2930 2406 2975 in
2434 2927 2550 2979 exitu
2577 2926 2644 2973 vel

211 2990 383 3032 fortuna
414 2989 479 3031 vel
508 3001 629 3030 mens
660 2987 769 3029 fuit:
815 2988 886 3040 qui
925 2986 1129 3042 quamdiu
1168 2988 1415 3031 auctoritati
1445 3001 1563 3031 meae
1594 2989 1748 3043 paruit,
1791 2990 1890 3033 talis
1920 2990 2117 3032 tribunus
2147 2989 2282 3046 plebis
2311 2988 2407 3041 fuit,
2437 2990 2490 3030 ut
2516 2998 2642 3031 nemo

211 3050 361 3091 contra
404 3046 556 3089 civium
595 3044 859 3100 perditorum
897 3044 1144 3101 popularem
1193 3046 1569 3101 turbulentamque
1610 3046 1868 3090 dementiam
1908 3061 1934 3090 a
1964 3050 2116 3091 senatu
2147 3050 2190 3091 et
2221 3060 2247 3090 a
2277 3048 2486 3090 bonorum
2513 3056 2643 3088 031133

210 3103 697 3153 3101011100113131111113;
736 3115 895 3158 quam
932 3103 1047 3146 eius
1086 3104 1366 3147 actionem
1403 3105 1642 3147 multum
1684 3107 1865 3148 tamen
1906 3107 1959 3149 et
1995 3104 2296 3161 splendida
2338 3106 2397 3148 et
2429 3101 2643 3158 grandis

210 3167 264 3207 et
310 3163 502 3207 eadem
553 3161 825 3217 inprimis
869 3161 1059 3204 faceta
1105 3164 1156 3205 et
1202 3162 1525 3218 perurbana
1580 3163 2004 3218 commendabat
2050 3163 2248 3207 oratio.
2294 3186 2350 3192 -
2391 3160 2492 3213 Hic,
2543 3171 2643 3204 cum

210 3234 375 3264 summa
404 3221 624 3263 voluntate
654 3220 861 3261 bonorum
892 3219 1039 3262 aedilis
1071 3220 1230 3262 curulis
1260 3219 1403 3263 factus
1434 3222 1558 3271 esset,
1595 3221 1736 3263 nescio
1767 3233 1849 3275 quo
1879 3220 2006 3264 modo
2043 3221 2231 3264 discessu
2267 3231 2362 3263 meo
2392 3217 2588 3263 discessit
2616 3229 2643 3260 3

209 3291 301 3325 3030
333 3277 567 3333 ceciditque
580 3310 590 3328 ,
628 3278 906 3332 posteaquam
947 3290 1019 3319 eos
1060 3277 1218 3320 imitari
1264 3278 1415 3333 coepit,
1458 3290 1562 3333 quos
1599 3278 1689 3334 ipse
1728 3279 2018 3334 perverterat.‘
2087 3276 2350 3331 Quibuscum
2391 3273 2646 3328 conserenda
