2887 3652
247 320 386 364 allatis
417 333 465 364 ex
495 321 561 364 his
595 321 785 377 epistolis
810 321 1015 365 adieiendi
1046 324 1147 366 sumt
1172 325 1261 366 >tres
1291 323 1390 365 loci:
1423 325 1463 373 8,
1494 325 1534 374 4,
1569 325 1588 365 1
1618 322 1823 378 (Caelius)
1851 323 2025 367 Invideo
2049 324 2156 370 tibi:
2182 326 2271 370 tam
2293 325 2434 374 multa
2453 324 2663 379 ,quetidie

245 392 351 433 quae
381 380 544 429 mirere,
576 380 688 422 istuc
718 380 1108 434 perferuntur,
1141 382 1324 436 primum
1353 382 1457 424 illud
1489 382 1732 426 absolutum
1758 381 2002 432 Messalam,
2039 381 2079 432 8,
2103 383 2150 432 6,
2184 383 2204 425 1
2237 380 2666 438 Noedubitmeuin

245 437 457 490 perlatum
486 437 541 479 ad
572 440 615 479 te
647 438 703 480 sit
734 437 920 493 Appium
952 451 977 481 a
1008 438 1228 482 Dolabella
1256 451 1376 482 reum
1406 439 1581 491 factum,
1614 440 1652 491 8,
1688 440 1724 490 1,
1756 440 1784 481 4
1814 437 1964 494 (idem)
1995 438 2055 488 'ne
2074 452 2116 487 a.
2145 439 2185 482 d.
2219 438 2354 487 vul-1.
2385 439 2665 492 Kal-‚alm

246 495 521 544 subrostrani,
553 495 664 548 quod
695 496 864 538 illorum
894 497 1022 551 capiti
1053 496 1121 546 sit,
1151 496 1409 552 dissiparant
1440 498 1608 552 perisse.
1671 497 1885 540 Brevitate
1922 498 2052 540 etiam
2091 497 2232 552 magis
2269 494 2664 553 compieefflrigfest,

246 552 356 605 quod
389 552 432 593 in
459 565 522 607 ep.
556 552 743 594 eiusdem
775 553 991 607 scriptoris
1012 554 1050 602 8,
1085 555 1152 603 13,
1184 555 1210 595 2
1243 557 1400 597 exstat:
1432 556 1776 598 transierant
1805 555 1934 597 illuc
1958 555 2165 599 rationem
2190 555 2392 601 esseeius
2412 553 2662 607 habendam,

246 609 318 663 qui
348 622 482 663 neque
515 610 746 652 exercitum
775 623 911 664 neq-ue
943 611 1177 665 provincias
1219 612 1417 654 traderet.
1451 635 1505 642 -
1545 613 1607 655 De
1631 614 1838 655 eertum
1870 612 2002 662 scie„
2034 611 2147 666 qaod
2176 612 2220 655 in
2251 623 2316 665 ep.
2347 611 2591 655 Dolabellae
2620 612 2662 662 9,

245 670 284 713 0,
320 668 338 707 1
375 670 452 715 est,
485 670 528 709 et
559 667 765 710 similibus
795 667 1080 711 locutionibus
1112 672 1307 712 accurate
1347 670 1541 724 exposuit
1568 669 1750 713 Stinner.
1791 683 1829 724 p.
1863 670 1918 712 58
1958 673 2002 713 et
2032 670 2099 712 59.
2162 669 2299 712 Verba
2327 667 2664 715 affirmandi

245 729 287 765 et
327 725 645 777 profitendi
685 726 972 768 inveniuntur
994 739 1089 768 cum
1126 726 1332 770 infinitivo
1374 728 1607 782 praesentis
1651 728 1876 770 coniuncta
1915 727 1956 770 in
1998 727 2175 783 epistola
2203 726 2351 771 Planci
2391 726 2665 781 neglegenter

247 781 404 836 scripta
446 781 511 825 10.
551 782 618 831 24,
659 782 685 827 4
726 794 862 838 neque
903 783 972 826 ille
1009 783 1239 825 intermisit
1269 784 1481 826 affirmare
1512 797 1557 826 se
1588 786 1677 827 sine
1708 797 1825 826 mora
1862 785 2002 825 venire
2031 787 2079 825 et
2106 784 2131 836 g
2161 786 2189 824 6
2219 784 2321 825 mihi
2353 783 2568 836 professus
2596 787 2664 826 est

244 852 287 880 se
314 840 466 880 venire.
515 840 633 880 Idem
660 841 773 881 valet
800 841 842 880 in
865 842 1039 881 verbum
1062 842 1349 894 sperandi,
1378 842 1489 894 quod
1520 846 1564 884 et
1595 844 1734 896 ipsum
1756 842 1939 884 Plancus
1965 855 2063 887 cum
2091 839 2165 884 inf.
2194 852 2327 895 praes.
2358 838 2574 885 coniunxit
2597 839 2663 889 10,

245 900 283 945 0,
319 898 361 937 l:
394 897 442 938 In
475 897 565 938 dies
596 911 693 939 vero
736 897 980 939 meritorum
1020 910 1211 940 meorum
1254 898 1513 942 accessiones
1557 898 1769 954 pervidere
1806 900 1849 942 te
1887 910 2019 954 spero.
2089 897 2275 942 Verbum
2312 896 2664 947 testificandi

245 957 393 996 eontra
424 955 773 997 consuetudinem
816 957 1051 998 ceterorum
1090 956 1291 1005 omnium,
1331 956 1365 999 si
1409 956 1549 1001 lexicis
1588 957 1691 1010 fides
1721 957 1914 1000 habenda
1954 959 2032 1006 est,
2070 956 2220 999 eodem
2255 955 2380 999 modo
2410 967 2461 997 ae
2490 954 2665 1002 rerbum

246 1012 433 1054 testandi
463 1015 717 1068 usurpatum
748 1015 813 1055 est
845 1025 869 1055 a
900 1011 1041 1056 Caelio
1074 1015 1112 1062 8,
1148 1015 1213 1061 16,
1249 1015 1294 1055 1;
1326 1014 1436 1056 Nam
1469 1015 1570 1057 deos
1601 1015 1875 1069 hominesque
1905 1015 2217 1067 amicitiamque
2242 1015 2434 1056 nostram
2460 1011 2666 1064 tesffimr

245 1083 312 1112 1110
344 1071 420 1113 tibi
444 1071 696 1125 praedixisse
717 1083 852 1125 neque
873 1074 1033 1114 temere
1059 1072 1284 1115 monuisse.
1341 1072 1403 1114 De
1433 1085 1543 1114 non
1576 1072 1776 1115 dubito
1807 1085 1935 1129 supra
1965 1073 2048 1115 iam
2071 1071 2234 1118 dietum
2258 1074 2348 1120 est;
2380 1070 2432 1114 de
2453 1069 2664 1117 locutione

246 1130 294 1170 in
326 1129 538 1171 dubium
570 1142 765 1171 vocare
795 1129 898 1172 item
930 1142 1027 1171 cum
1058 1142 1143 1172 acc.
1176 1143 1210 1172 c.
1244 1130 1315 1172 inf.
1349 1131 1573 1173 coniuncta
1603 1130 1712 1174 infra
1743 1131 1969 1177 dicendum
1995 1130 2088 1174 erit.
2132 1129 2275 1173 Etiam
2305 1128 2465 1185 pudet
2494 1130 2548 1171 te
2572 1139 2663 1177 acc.

246 1200 278 1226 c.
312 1186 383 1226 inf.
417 1186 667 1228 adiunctum
699 1186 828 1228 babet
859 1188 897 1235 8,
929 1189 969 1230 9.
1004 1189 1021 1228 1
1061 1187 1279 1235 (Caelius).
1313 1189 1346 1230 si
1378 1189 1486 1230 scias
1508 1212 1562 1217 -—
1589 1189 1746 1242 pudeat
1767 1191 1809 1231 te
1842 1200 1993 1232 ausum
2013 1189 2133 1231 illum
2154 1200 2341 1242 unquam
2357 1199 2454 1229 esse
2470 1185 2665 1232 incedere

244 1245 463 1297 tamquam
495 1246 617 1285 tuum
648 1244 981 1299 competitorem.
1044 1244 1208 1292 Restat.
1251 1248 1300 1288 ut
1343 1245 1394 1287 de
1434 1246 1560 1289 verbo
1600 1245 1901 1299 recipiendi
1942 1258 2077 1301 pauca
2112 1245 2278 1288 addam.
2339 1243 2462 1295 Quod
2489 1254 2588 1286 oum
2617 1255 2667 1285 ea

245 1300 415 1354 quidem
454 1302 494 1342 vi
531 1301 783 1355 praeditum,
826 1314 909 1355 qua
949 1302 1059 1344 idem
1104 1302 1188 1344 fere
1220 1315 1269 1344 ac
1301 1303 1531 1356 ,promitto‘
1563 1303 1786 1355 significat,
1818 1303 1861 1346 in
1893 1303 2044 1346 ceteris
2075 1302 2242 1357 scriptis
2272 1314 2381 1351 raro,
2422 1299 2667 1356 saepissime

246 1359 286 1398 in
319 1358 509 1413 epistolis
541 1358 705 1400 obviam
737 1359 826 1408 fiat,
870 1358 1087 1403 familiaris
1117 1360 1323 1402 sermonis
1354 1359 1569 1415 proprium
1600 1359 1728 1403 fuisse
1760 1360 1984 1405 verisimile
2015 1359 2119 1402 est*
2181 1361 2220 1410 6,
2254 1360 2291 1409 7,
2323 1360 2349 1400 4
2381 1355 2601 1411 (Caecina)
2631 1358 2667 1399 si

246 1416 451 1470 reciperes
483 1419 526 1458 te
557 1419 876 1466 correcturum;
921 1417 986 1466 10,
1028 1418 1067 1466 9,
1103 1418 1121 1460 1
1158 1416 1378 1471 (Plancus)
1424 1419 1694 1471 cogniturum
1735 1416 1816 1472 (te)
1858 1417 1995 1471 magis
2034 1417 2215 1473 recipio,
2259 1417 2325 1467 10,
2360 1416 2426 1466 17,
2459 1416 2481 1456 1
2516 1413 2666 1468 (idem)

245 1474 399 1528 recipio
432 1474 548 1516 vobis
579 1474 772 1516 celeriter
801 1487 869 1516 me
900 1474 1118 1528 negotium
1158 1488 1206 1517 ex
1249 1476 1460 1533 sententia
1501 1475 1804 1525 confecturum,
1845 1475 1921 1530 qui
1950 1476 2067 1518 loeus
2097 1488 2122 1517 a
2162 1475 2313 1517 ceteris
2342 1486 2393 1516 ea
2429 1485 2473 1515 re
2513 1471 2667 1522 differt,

245 1531 356 1584 quod
393 1531 568 1582 ,dat-ivus
605 1532 749 1581 ,vobis‘
787 1532 957 1576 add-itus
996 1534 1073 1576 est.
1135 1532 1347 1576 infinitivo
1385 1545 1467 1575 non
1508 1532 1674 1576 adiecto
1715 1532 1825 1577 idem
1856 1533 2030 1575 verbum
2060 1533 2105 1575 in
2135 1544 2199 1588 ep.
2231 1532 2282 1575 D.
2314 1531 2437 1574 Bruti
2471 1531 2538 1581 11,
2572 1530 2610 1579 1,
2639 1530 2667 1571 4

245 1589 478 1631 invenitur:
519 1589 601 1631 Pro
633 1589 777 1632 Cassio
810 1593 853 1632 et
884 1593 940 1639 te,
979 1591 1014 1632 si
1057 1591 1156 1644 quid
1197 1604 1266 1633 me
1312 1591 1448 1633 velitis
1489 1592 1685 1646 recipere,
1731 1591 1944 1646 recipiam.
1975 1614 2035 1633 .—
2077 1590 2235 1640 Verba,
2281 1600 2388 1643 quae
2434 1586 2668 1638 secundum

246 1648 620 1701 grammaticorum
653 1651 878 1703 praecepta
908 1648 1119 1691 sententia
1150 1662 1225 1704 per
1256 1651 1330 1698 ,ut‘
1362 1651 1436 1693 aut
1467 1651 1545 1697 ,ne‘
1584 1649 1807 1692 enuntiata
1837 1648 2117 1703 sequisolet,
2156 1648 2372 1694 interdum
2403 1646 2448 1689 in
2477 1645 2667 1700 epistolis

245 1718 342 1747 cum
371 1706 578 1747 infinitivo
610 1706 937 1759 coniunguntur.
998 1707 1139 1760 Atque
1177 1706 1503 1761 postulandi
1536 1707 1708 1748 verbum
1748 1708 1891 1753 exstat
1927 1706 1970 1749 in
2001 1719 2063 1761 ep.
2098 1705 2264 1754 Lucceii
2303 1706 2343 1754 5,
2369 1704 2456 1755 14,
2493 1704 2519 1745 2
2550 1702 2667 1757 80111-

246 1763 467 1811 citudines,
500 1776 606 1816 quas
638 1763 799 1805 elevare
830 1766 906 1806 tua
937 1766 979 1806 te
1010 1764 1238 1818 prudentia
1268 1764 1456 1819 postulat
1487 1767 1531 1806 et
1561 1764 1605 1806 in
1626 1776 1690 1818 ep.
1716 1764 1839 1807 Matii
1867 1764 1932 1814 11,
1965 1764 2033 1813 28,
2065 1764 2118 1805 4:
2149 1762 2198 1805 Id
2219 1762 2389 1818 quidem
2413 1773 2480 1803 me
2498 1772 2667 1815 copem,

244 1820 325 1862 nisi
356 1822 399 1862 et
430 1821 528 1862 ante
560 1822 656 1862 acta
687 1820 773 1862 vita
804 1823 848 1863 et
877 1820 1039 1874 reliqua
1077 1833 1172 1863 mea
1218 1833 1315 1876 spes
1351 1833 1420 1863 me
1453 1823 1619 1863 tacent-e
1661 1821 1826 1875 probat,
1867 1821 2043 1864 dicendo
2079 1821 2244 1863 vincere
2275 1832 2359 1862 non
2384 1818 2566 1873 postulo,
2597 1817 2669 1871 qui

244 1877 362 1920 locus
394 1878 523 1920 etiam
555 1878 782 1920 cumulatis
812 1878 1031 1921 infinitivis
1062 1879 1317 1934 conspicuus
1347 1881 1424 1923 est.
1486 1877 1752 1933 Quamquam
1775 1891 1853 1921 1100
1872 1877 2016 1922 Cicero
2048 1890 2222 1933 prorsus
2252 1889 2301 1920 eo
2328 1875 2493 1926 dicendi
2517 1886 2668 1929 genere

245 1935 451 1978 abstinuit
482 1937 524 1977 et
548 1935 725 1978 Plautus
750 1949 843 1978 eam
865 1937 1045 1979 maxime
1070 1936 1352 1990 frequentavit
1374 1936 1468 1990 (cfr.
1491 1936 1642 1979 Holtze
1666 1936 1722 1986 ΙΙ,
1745 1934 1833 1989 37).
1870 1936 1989 1979 Idem
2009 1936 2122 1979 valet
2145 1936 2189 1978 in
2214 1935 2390 1985 verbum
2410 1931 2667 1982 studendi,

245 1993 357 2047 quod
389 1993 553 2036 duobus
584 1994 687 2036 locis
718 2007 815 2036 cum
846 2007 932 2036 acc.
966 2007 1062 2037 cum
1092 1994 1301 2038 infinitivo
1332 1994 1604 2038 coniunctum
1636 1994 1849 2037 invenitur
1871 1994 1938 2045 10,
1969 1994 2039 2044 31,
2072 1995 2098 2036 5
2129 1992 2322 2048 (Asinius
2337 1988 2496 2045 Pollio)
2524 2002 2669 2044 omnes

245 2052 357 2093 enim
398 2052 508 2094 cives
548 2052 671 2106 plane
712 2051 862 2095 studeo
903 2064 994 2095 esse
1036 2052 1176 2096 salvos
1216 2054 1260 2096 et
1292 2052 1357 2103 11,
1399 2052 1467 2102 28,
1505 2053 1531 2094 2
1563 2050 1759 2106 (Matius)
1798 2064 1925 2107 quam
1964 2050 2288 2106 (dissensionem
2325 2047 2508 2103 civilem)
2536 2047 2668 2094 etiam

243 2111 487 2152 nascentem
519 2110 729 2163 exstingui
760 2122 924 2153 summe
956 2110 1112 2153 studui.
1175 2111 1317 2163 Quid?
1359 2111 1469 2164 quod
1511 2111 1684 2153 verbum
1715 2110 2034 2164 praestandi
2071 2109 2116 2152 111
2145 2122 2210 2164 ep.
2242 2107 2366 2152 Balbi
2396 2105 2471 2162 (ad
2500 2107 2594 2154 Att.
2627 2106 2667 2156 9,

246 2167 284 2215 7,
317 2166 364 2208 Β.
398 2166 443 2212 21
477 2180 561 2210 acc.
597 2180 631 2209 c.
663 2167 735 2211 inf.
769 2167 922 2210 obiecti
952 2168 1044 2209 loco
1076 2168 1269 2210 additum
1299 2169 1450 2210 habet:
1483 2168 1706 2222 praestabo
1739 2191 1792 2196 -
1825 2180 1922 2210 011111
1953 2191 2007 2197 -
2039 2167 2247 2209 rationem
2276 2165 2536 2211 habiturum.

361 2224 581 2267 Postremo
623 2226 785 2278 aliquot
823 2225 962 2274 verba,
1005 2238 1112 2279 quae
1153 2226 1282 2269 animi
1322 2225 1499 2269 affectus
1540 2225 1791 2280 exprimunt,
1834 2226 2002 2280 praeter
2041 2222 2389 2268 consuetudinem
2429 2223 2668 2274 ceterorum

246 2283 498 2337 scriptorum
537 2296 632 2325 cum
674 2283 882 2325 infinitivo
922 2284 1149 2329 coniuncta
1186 2284 1481 2326 inveniuntur:
1520 2283 1558 2332 8,
1597 2284 1636 2333 3,
1682 2283 1702 2324 1
1742 2279 1948 2336 (Caelius)
1988 2294 2101 2326 nunc
2141 2280 2327 2335 quotidie
2365 2292 2451 2331 non
2491 2290 2583 2333 esse
2613 2280 2667 2327 te,

245 2340 298 2381 ad
320 2353 445 2392 quem
465 2341 678 2389 cursitem,
711 2340 1041 2390 discrucior;
1075 2342 1113 2390 8,
1137 2342 1176 2391 4,
1202 2342 1221 2382 1
1249 2339 1399 2393 (idem)
1432 2341 1512 2383 hoc
1542 2341 1618 2383 tibi
1650 2353 1732 2384 non
1753 2340 1969 2384 invideo
1991 2339 2177 2391 caruisse
2199 2342 2266 2388 te;
2298 2339 2337 2389 8,
2371 2338 2438 2387 14,
2472 2337 2494 2378 1
2518 2332 2667 2391 (idem)

244 2396 369 2438 Nunc
401 2396 537 2438 furit
567 2400 657 2438 tam
688 2397 853 2449 gavisos
883 2397 1074 2439 homines
1106 2411 1229 2439 suum
1261 2398 1449 2439 dolorem
1482 2396 1568 2449 (cui
1599 2398 1734 2439 simile
1766 2402 1844 2446 est,
1876 2397 1987 2451 quod
2014 2397 2098 2439 Cic.
2130 2397 2183 2438 ad
2214 2395 2356 2447 Quint.
2389 2395 2437 2436 fr.
2470 2396 2510 2449 2,
2544 2393 2610 2442 15,
2641 2394 2668 2433 3

244 2454 414 2495 scribit:
448 2453 635 2495 Furebat
664 2466 688 2494 a
720 2454 880 2495 Racilio
912 2467 956 2495 se
987 2455 1296 2496 contumaciter
1325 2455 1566 2507 urbaneque
1598 2457 1806 2496 vexatum.
1853 2455 1952 2497 Jam
1984 2453 2148 2496 veroin
2179 2465 2244 2507 ep.
2277 2451 2467 2495 Caesaris
2498 2449 2552 2493 ad
2578 2450 2667 2491 Att.

243 2515 281 2559 9,
330 2513 382 2553 16
423 2512 527 2553 item
566 2525 694 2553 causa
732 2511 817 2553 sive
864 2525 943 2560 res,
991 2525 1074 2566 qua
1117 2511 1285 2566 gaudet,
1329 2511 1535 2554 infinitivo
1581 2511 1847 2568 exprimitur:
1900 2523 2042 2557 meum
2083 2510 2242 2553 sactum
2291 2508 2458 2564 probari
2507 2507 2583 2549 abs
2626 2507 2668 2570 te

243 2570 513 2623 triumpho
545 2569 711 2622 gaudio.
775 2567 884 2620 Quid
904 2571 925 2610 ⁸?
958 2569 1068 2622 quod
1102 2570 1274 2612 verbum
1307 2570 1527 2612 timendi
1557 2582 1644 2612 acc.
1676 2583 1708 2611 c.
1743 2569 1816 2612 inf.
1852 2570 1931 2612 sibi
1965 2566 2213 2612 adiunctum
2234 2568 2362 2611 habet
2380 2567 2425 2609 in
2449 2580 2513 2622 ep.
2540 2563 2670 2607 Caelii

243 2632 282 2673 8,
318 2628 382 2676 11,Ι
416 2629 464 2669 3:
498 2626 630 2670 Valde
662 2629 807 2669 autem
839 2639 923 2669 non
956 2627 1042 2670 volt
1074 2629 1116 2669 et
1147 2627 1268 2682 plane
1300 2627 1424 2670 timet
1455 2626 1677 2670 Caesarem
1715 2628 1932 2679 consulem
1973 2626 2184 2681 designari
2214 2625 2342 2681 prius,
2384 2636 2512 2679 quam
2551 2633 2668 2664 exer-

242 2686 374 2727 citum
407 2688 450 2727 et
481 2685 716 2740 provincias
750 2684 984 2727 tradiderit.
1919 2718 1924 2726 ,

358 2743 523 2792 Restat,
556 2745 605 2784 ut
636 2744 799 2796 aliquot
830 2743 1078 2791 locutiones,
1111 2743 1262 2797 quibus
1295 2743 1395 2797 ipsis
1428 2756 1592 2797 quoque
1625 2742 1858 2784 infinitivus
1889 2742 2067 2786 subiecti
2099 2745 2175 2786 aut
2205 2741 2358 2784 obiecti
2382 2741 2474 2783 loco
2498 2737 2668 2797 additus

242 2805 319 2848 est,
353 2801 539 2842 afferam.
597 2803 739 2854 Atque
770 2801 954 2854 primum
986 2801 1113 2843 mihi
1144 2800 1193 2841 in
1227 2800 1400 2843 animo
1432 2800 1613 2843 est'sic
1642 2802 1895 2856 usurpatum
1924 2800 2161 2845 invenimus
2191 2799 2244 2843 ab
2275 2797 2460 2842 Antonio
2486 2795 2545 2842 ad
2574 2796 2665 2837 Att-

245 2859 310 2900 14.
346 2859 411 2906 13,
444 2860 492 2899 A.
526 2859 551 2899 2
585 2860 627 2900 et
658 2871 683 2900 a
713 2857 913 2911 Pompeio
946 2857 999 2900 ad
1030 2856 1123 2901 Att.
1158 2858 1196 2907 8,
1232 2858 1296 2905 12,
1329 2856 1372 2904 C,
1410 2858 1446 2906 1,
1485 2857 1538 2899 111
1579 2857 1754 2900 animo
1794 2858 1962 2900 habeo
2004 2871 2029 2901 a
2059 2858 2201 2902 Servio
2233 2856 2417 2912 Sulpicio
2449 2855 2489 2904 4,
2529 2854 2595 2903 12,
2625 2853 2664 2916 2

242 2915 479 2969 Utrumque
512 2917 654 2958 tamen
684 2928 770 2958 non
801 2914 939 2959 solum
976 2914 1018 2957 in
1051 2915 1240 2958 oratione
1282 2927 1342 2970 pr.
1375 2916 1499 2956 Rosc.
1532 2916 1626 2955 Am.
1667 2914 1690 2967 ἓ
1723 2917 1776 2956 52
1818 2918 1861 2957 et
1890 2914 1914 2968 ἓ
1944 2916 2014 2964 91,
2055 2916 2130 2958 sed
2164 2915 2297 2956 etiam
2333 2913 2427 2956 aliis
2457 2909 2667 2953 Ciceronis

243 2974 343 3014 locis
375 2976 418 3014 et
448 2974 629 3014 maxime
671 2973 784 3027 apud
817 2973 981 3014 Livium
1022 2974 1247 3014 invenitur.
1310 2973 1466 3014 Contra
1497 2972 1611 3014 solus
1642 2986 1690 3014 ex
1725 2973 1972 3026 aequalibus
2002 2972 2278 3028 scriptoribus
2308 2970 2369 3015 sie
2405 2969 2573 3012 loeutus
2601 2967 2667 3010 est

242 3029 408 3072 Caelius
440 3031 478 3080 8,
523 3030 588 3081 10,
631 3031 680 3072 3:
728 3030 779 3072 in
820 3042 929 3072 eam
970 3030 1292 3086 opinionem
1331 3028 1500 3072 Cassius
1547 3031 1775 3073 venerat
1812 3030 1981 3073 finxisse
2020 3031 2177 3073 bellum
2221 3030 2310 3073 scil.
2351 3040 2482 3075 eum..
2523 3025 2666 3080 Quid?

334 3237 348 3254 *²
377 3237 478 3279 Quod
505 3237 539 3270 id
567 3238 713 3271 voi-bum
740 3237 776 3271 in
802 3236 961 3272 oratione
980 3249 1021 3281 pi·
1048 3237 1151 3272 Rosc.
1170 3239 1250 3272 Am.
1267 3239 1323 3280 30,
1353 3239 1415 3272 114
1434 3239 1561 3274 exstat.
1586 3249 1657 3272 non
1675 3239 1739 3281 est,
1765 3249 1829 3273 0111·
1846 3238 2029 3281 miremur,
2052 3237 2138 3283 quia
2154 3237 2372 3280 Ciceronem,
2390 3247 2472 3288 oum
2487 3232 2667 3284 oratiossflb'

239 3294 302 3328 pro
320 3282 490 3326 Quinctio
515 3285 549 3317 et
575 3282 703 3318 Roscio
727 3285 964 3329 componeret,
990 3283 1105 3320 multa
1129 3294 1148 3320 e
1174 3284 1353 3320 cotidiano
1378 3293 1540 3320 sermone
1565 3286 1767 3320 mutuatum
1792 3294 1870 3321 esse
1897 3283 2127 3323 Woelfflinus
2149 3283 2191 3320 in
2214 3294 2257 3319 ea
2280 3283 2538 3326 dissertatione,
2558 3289 2668 3314 mnus

237 3340 348 3379 supra
372 3329 590 3367 mentionem
614 3330 694 3374 feci,
719 3330 987 3367 demonstravit.
