2887 3652
353 1021 498 1100 Quo
548 1042 871 1098 sermone
921 1020 1002 1108 ei,
1052 1021 1174 1112 qui
1220 1021 1308 1097 ad
1357 1020 1756 1099 Ciceronem
1804 1021 2079 1098 litteras
2128 1021 2490 1108 dederunt,

1253 1136 1364 1212 usi
1411 1136 1576 1213 sint.

312 1296 469 1372 Gicero
500 1329 553 1372 ad
586 1328 767 1372 Paetum
798 1327 892 1383 (Ep.
925 1327 998 1380 lx,
1030 1327 1105 1382 21)
1138 1328 1308 1371 scribit:
1340 1328 1449 1381 Quid
1477 1330 1557 1372 tibi
1586 1341 1664 1384 ego
1695 1329 1839 1372 videor
1868 1331 1911 1371 in
1942 1331 2161 1385 epistolis?
2204 1343 2379 1372 nonne
2408 1330 2618 1385 plebeio

207 1401 456 1436 sermone
487 1401 644 1442 agere
675 1389 882 1431 tecum?
925 1400 1003 1430 uec
1032 1387 1145 1430 enim
1174 1399 1339 1443 semper
1368 1388 1515 1431 eodem
1542 1387 1694 1439 modo3
1736 1389 1836 1443 quid
1868 1389 1978 1432 enim
2008 1389 2142 1432 simile
2173 1389 2303 1432 habet
2333 1387 2513 1444 epistola
2542 1391 2620 1431 aut

205 1445 358 1492 iudicio
379 1447 455 1489 aut
473 1443 695 1489 concioni?
727 1444 829 1499 quin
847 1444 940 1500 ipsa
961 1444 1115 1488 iudicia
1131 1457 1216 1488 non
1238 1445 1421 1488 solemus
1445 1446 1586 1489 omnia
1609 1447 1794 1490 tractare
1819 1459 1902 1490 uno
1919 1446 2068 1489 modo:
2099 1446 2287 1502 privatas
2306 1457 2459 1489 causas
2479 1446 2524 1488 et
2546 1458 2618 1489 eas

205 1508 355 1562 tenues
370 1503 535 1559 agimus
557 1502 769 1554 subtilius,
790 1502 941 1558 capitis
962 1504 1037 1546 aut
1063 1502 1201 1546 famae
1224 1502 1386 1546 scilicet
1405 1503 1618 1553 ornatius;
1643 1504 1902 1560 epistolas
1925 1517 2046 1547 vero
2071 1503 2414 1559 quotidianis
2436 1503 2617 1546 verbis

206 1566 383 1607 texere
413 1561 658 1605 solemus.
720 1559 857 1614 Quem
883 1560 954 1603 hio
985 1558 1129 1603 Cicero
1159 1559 1263 1604 dicit
1290 1560 1502 1616 plebeium
1531 1572 1782 1612 sermonem,
1827 1561 2081 1605 Stinnerus*
2110 1562 2172 1604 ita
2207 1562 2528 1618 interpretatam,
2568 1564 2618 1603 ut

205 1623 370 1664 statuat
399 1631 680 1671 ,communem
710 1618 845 1660 omnis
876 1617 1040 1672 generis
1070 1617 1345 1674 epistolarum
1375 1630 1520 1661 earum
1551 1618 1735 1673 quidem,
1776 1632 1883 1674 quae
1913 1633 2008 1662 vere
2038 1619 2233 1662 dicantur
2263 1619 2480 1674 epistolae,
2525 1631 2619 1661 eam

204 1690 296 1745 esse
319 1674 688 1776 ι(5011Ῑὲμε),ἰξιιάἱιιθιιίιῖ,
718 1677 769 1741 ut
798 1687 989 1775 sermo&
1025 1674 1162 1729 magis
1185 1674 1449 1776 1,(Ῑιιοιῃοιίιίεὶίιιιιο
1489 1676 1534 1718 in
1550 1676 1624 1742 ,iis
1664 1676 1897 1742 scribendis
1932 1683 2104 1743 utamur
2144 1689 2270 1743 quain
2301 1676 2346 1718 in
2375 1675 2495 1742 libris
2525 1676 2617 1718 aliis

203 1735 1288 1856 3332.nae¹m¹¹00u¹²m0023q13¹3530¹¹13132AEcssiaiffieims
1303 1734 1681 1834 'ffiaeffifflm
1690 1734 1910 1834 §mii-⁸.
1923 1732 2618 1848 ⁸33¹3usssp¹5szffizssffl

204 1850 318 1893 idem
348 1863 390 1905 p.
422 1849 475 1892 21
508 1849 706 1904 propomt
733 1847 801 1890 lus
831 1847 969 1891 verbis
998 1859 1121 1891 usus:
1154 1848 1248 1899 ‚hoc
1278 1849 1422 1891 tamen
1452 1872 1506 1877 —
1537 1850 1810 1904 perspectum
1839 1848 1967 1893 fuerit
2005 1848 2278 1892 Ciceroniana
2314 1848 2485 1904 quidem
2524 1860 2615 1893 esse

203 1906 402 1958 dicenda,
443 1917 549 1962 quae
578 1905 793 1968 ‚epistolae
833 1903 1044 1948 Ciceronis
1081 1905 1149 1948 vel
1191 1904 1400 1949 thesauris
1441 1905 1612 1961 linguae
1647 1906 1804 1950 latinae
1846 1907 1911 1950 vel
1952 1907 2033 1951 arti
2074 1909 2118 1950 et
2158 1906 2445 1963 praeceptioni
2482 1905 2614 1949 latine

204 1964 413 2008 scribendi
442 1963 686 2019 praebeant,
726 1966 773 2005 at
801 1963 864 2005 ita
893 1961 1178 2012 Ciceroniana,
1220 1964 1270 2004 ut
1299 1963 1471 2017 propius
1501 1964 1663 2014 abesse,
1695 1965 1731 2006 si
1758 1965 1940 2007 volueris
1970 1977 2224 2018 comparare,
2246 1964 2467 2018 'permulta
2496 1963 2614 2005 dicas

203 2022 257 2064 ab
281 2020 407 2065 Ennii
436 2019 643 2076 poematis
672 2019 740 2062 vel
767 2019 911 2062 Plauti
941 2021 985 2062 et
1014 2019 1200 2061 Terentii
1228 2018 1382 2062 fabulis
1412 2019 1630 2062 Horatiive
1669 2021 1932 2064 sermonibus
1976 2021 2259 2076 epistolisque,
2302 2033 2428 2075 quam
2465 2021 2519 2062 ab
2550 2033 2613 2070 ea,

202 2076 532 2179 ἓῗοῖὲὲῗξῗωξ
557 2075 824 2177 {atissa
853 2075 1206 2188 Ἢῗηᾱῗέοὲξε
1214 2075 1894 2191 ¹¹33.5‡?15..P.t⁶.?¹¹3p.f?¹3.52233
1924 2080 1991 2178 ἓῗῖ
2004 2077 2482 2189 &affligam
2506 2089 2613 2177 {¹2:335

202 2193 470 2237 suetudinem
491 2205 619 2246 quam
645 2192 831 2248 proxime
854 2194 1123 2239 accesserunt
1152 2194 1280 2246 atque
1305 2191 1434 2234 etiam
1463 2191 1560 2234 inde
1583 2193 1722 2235 multa
1748 2193 2108 2248 deprompserunt,
2140 2205 2245 2247 quae
2266 2205 2318 2234 ne
2347 2193 2392 2234 in
2423 2192 2612 2247 epistolis

202 2250 373 2318 quidem
402 2250 455 2295 ad
487 2249 681 2293 Atticum
710 2249 851 2294 missis
879 2248 1160 2293 inveniantur.
1171 2247 1220 2274 ¹⁸²*
1277 2248 1425 2292 Eidem
1454 2251 1599 2293 tamen
1630 2263 1728 2293 eum
1767 2250 1880 2294 docti
1919 2253 1963 2294 et
1992 2250 2146 2294 eruditi
2174 2249 2364 2293 homines
2396 2251 2539 2293 essent
2568 2250 2611 2292 in

200 2309 334 2364 iisque
366 2310 555 2352 oratores
586 2305 786 2362 (Caelius,
817 2307 987 2349 Asinius
1016 2304 1184 2360 Pollio),
1215 2319 1357 2349 rerum
1387 2307 1614 2362 scriptores
1639 2306 1894 2363 (Lucceius),
1924 2309 1967 2350 in
1997 2309 2089 2351 aliis
2119 2308 2358 2363 scriptionis
2388 2307 2611 2362 generibus

201 2366 356 2410 versati
383 2364 626 2422 (Sulpicius,
653 2363 843 2416 Caecina,
871 2364 1044 2415 Matius,
1073 2361 1326 2419 Trebonius)
1358 2367 1401 2407 et
1432 2377 1528 2408 cum
1552 2365 1721 2417 scirent,
1754 2366 1822 2410 cui
1847 2367 2090 2418 scriberent,
2121 2378 2273 2422 purum
2292 2366 2420 2421 atque
2442 2365 2610 2420 elegans

314 2569 333 2588 *
356 2568 445 2605 ffius
469 2568 539 2605 tria
561 2570 825 2614 programmata
848 2568 892 2604 de
916 2580 967 2613 eo,
1001 2579 1069 2614 quo
1093 2568 1217 2604 Cicero
1248 2568 1287 2603 in
1311 2568 1474 2614 epistolis
1498 2579 1589 2604 usus
1612 2570 1677 2615 est,
1702 2580 1866 2606 sermone
1896 2581 2010 2615 nuper
2032 2569 2071 2603 in
2094 2579 2206 2603 unum
2230 2567 2381 2603 collecta
2403 2567 2613 2613 prodierunt

200 2614 352 2713 oppa-3*
366 2617 466 2651 ¹879·
484 2670 547 2696 um
570 2658 768 2714 discrimen
791 2659 1011 2696 intercedere
1035 2659 1131 2712 inter
1151 2658 1218 2694 has
1241 2670 1262 2712 e
1287 2659 1411 2696 istolas
1435 2661 1471 2695 et
1493 2671 1566 2703 eas,
1591 2671 1682 2707 quae
1706 2661 1752 2697 ad
1776 2660 1970 2713 familiares
1995 2659 2202 2710 datae—sint,
2235 2657 2511 2711 Wolfflinusjn
2535 2659 2610 2694 dis-

199 2708 390 2743 sertatione
405 2705 690 2751 ,Bemerkungen
712 2706 803 2741 uber
826 2706 890 2741 das
914 2705 1172 2751 Vulgarlatem‘
1195 2670 1380 2750 Phrfologo
1403 2705 1568 2742 XXXIV
1592 2718 1626 2752 p.
1648 2709 1828 2743 137-—165
1852 2708 1985 2742 inserta
2008 2708 2141 2749 statuit,
2188 2716 2274 2740 uam
2298 2706 2481 2750 excerpsit
2495 2704 2611 2749 Han-e

199 2751 349 2799 (Zisohr.
366 2752 390 2789 f.
407 2752 441 2789 d.
460 2751 754 2804 GymneWesen.
779 2750 920 2788 XXXI.
945 2751 1256 2797 Novemb.1877):
1280 2751 1376 2792 ..Das
1392 2751 1506 2788 Genre
1530 2753 1594 2789 der
1609 2752 1887 2789 Briessitteratur
1910 2751 2150 2796 schlechtweg
2196 2761 2255 2787 em
2278 2760 2396 2787 sermo
2419 2748 2612 2802 familiaris

198 2799 284 2836 oder
330 2796 470 2836 lebeius
494 2810 733 2844 zuzuweisen,
758 2798 811 2834 sei
835 2799 1059 2835 unstatthaft.
1107 2798 1243 2835 Gerade
1275 2798 1334 2835 die
1365 2801 1607 2843 sogenannten
1638 2800 1809 2845 epistolae
1840 2800 1885 2836 ad
1917 2797 2111 2834 familiares
2139 2797 2263 2835 hatten
2299 2796 2469 2833 ziemlich
2493 2807 2613 2844 wemg

198 2845 267 2881 mit
312 2856 372 2881 em
395 2856 512 2881 sermo
535 2844 727 2881 familiaris
751 2856 797 2880 zu
819 2845 922 2889 thun,
945 2855 1114 2891 wogegen
1138 2845 1197 2880 die
1213 2844 1388 2897 epistulae
1412 2845 1456 2880 ad
1472 2844 1634 2882 Atticum
1658 2847 1728 2882 fast
1741 2845 1985 2890 durchgzingig
2007 2844 2075 2878 den
2092 2844 2279 2878 Verrasser
2302 2844 2353 2878 im
2370 2842 2611 2880 stilistischen

198 2890 406 2940 Hauskittel
428 2890 579 2938 zeigten.
627 2890 771 2927 Ciceros
799 2889 920 2927 Bnefe
952 2891 1052 2927 seien
1083 2892 1189 2927 anter
1219 2890 1300 2927 sich
1331 2901 1372 2926 so
1402 2891 1485 2926 sehr
1513 2891 1760 2936 verschieden,
1797 2891 1878 2926 dass
1909 2901 1948 2926 er
1973 2890 2011 2937 je
2042 2889 2137 2924 nach
2165 2889 2247 2925 dem
2271 2889 2494 2925 Adressaten
2521 2899 2611 2936 ganz

197 2937 328 2973 andere
351 2937 527 2973 schreibe.
574 2937 655 2972 Nur
677 2937 718 2972 in
741 2937 811 2972 den
826 2936 972 2972 Briefen
996 2937 1042 2972 ad
1066 2938 1138 2972 Att.
1163 2939 1313 2982 gestatte
1338 2937 1417 2972 sich
1433 2937 1470 2972 C.
1495 2938 1566 2972 den
1589 2938 1761 2983 wlgaren
1778 2936 1965 2972 Ausdmck
1990 2936 2217 2970 commodum
2241 2935 2360 2979 (eben)
2383 2936 2453 2971 mit
2474 2935 2611 2980 folgen-

197 2983 280 3019 dem
304 2993 388 3020 cum
408 2994 442 3019 c.
465 2983 539 3019 ind.
564 2983 652 3029 perf.
677 2983 918 3028 (commodum
943 2982 1172 3025 discesseras,
1196 2994 1280 3019 cum
1303 2982 1417 3026 venit)
1442 2983 1516 3019 und
1539 2983 1766 3029 vorwiegend
1803 2983 1842 3017 in
1871 2982 1995 3017 diesen
2017 2980 2165 3017 Briefen
2194 2981 2254 3017 die
2277 2981 2475 3027 Wendung
2505 2992 2612 3017 narra

197 3029 267 3064 tibi
289 3029 418 3074 (denke
442 3029 523 3073 dir),
547 3028 698 3064 amabo
720 3029 789 3064 tibi
808 3029 884 3073 (ich
906 3029 984 3064 will
999 3029 1058 3064 dir
1070 3031 1183 3064 etwas
1198 3030 1333 3073 sagea).
1379 3029 1454 3064 Das
1469 3030 1730 3069 verstarkende,
1755 3029 1822 3063 mit
1837 3028 2048 3073 Adjectiven
2064 3028 2139 3063 und
2155 3027 2364 3063 Adverbien
2381 3028 2611 3063 verbundene

200 3074 290 3120 bene
313 3075 445 3122 gehore
468 3075 533 3111 der
555 3073 821 3120 Volkssprache
845 3085 892 3110 an
916 3073 1027 3123 (9mal
1049 3074 1101 3110 im
1125 3073 1207 3110 bell.
1232 3073 1400 3120 Hispan.)
1430 3075 1505 3111 und
1534 3075 1626 3111 habe
1659 3075 1739 3110 sich
1762 3075 1832 3109 fast
1854 3073 2144 3119 unreehtmiissig
2167 3073 2209 3110 in
2232 3073 2291 3110 die
2315 3073 2512 3110 Litteratur
2534 3073 2612 3109 ein-

198 3120 329 3165 gedrau
402 3131 474 3157 von
498 3119 537 3157 C.
561 3119 683 3164 wiirde
707 3130 746 3155 es
769 3120 855 3155 sehr
876 3119 928 3155 oft
950 3119 990 3155 in
1013 3119 1083 3155 den
1105 3119 1262 3164 Briefen,
1292 3119 1436 3155 steilich
1467 3121 1560 3156 auch
1595 3120 1634 3155 in
1663 3120 1732 3154 den
1755 3119 1877 3154 Reden
1901 3119 1976 3154 und
1999 3118 2321 3165 philosophischen
2345 3118 2526 3155 Schrinen
2550 3130 2610 3164 ge-

197 3165 333 3203 braueh
383 3166 543 3214 dagegen
559 3177 630 3203 von
645 3165 763 3210 Casar,
788 3164 932 3210 Sallust,
956 3164 1085 3201 Livius
1109 3165 1191 3210 (mit
1205 3166 1413 3202 Ausnahme
1437 3177 1507 3202 von
1523 3168 1578 3211 28,
1596 3168 1651 3210 44,
1669 3167 1715 3210 8),
1740 3164 1924 3210 Quinctil,
1939 3164 2085 3201 Tacitus
2099 3165 2342 3202 verschmiiht.
2376 3165 2612 3201 Consentiunt

199 3223 284 3248 cum
306 3212 367 3249 his
389 3223 444 3258 ea,
475 3223 567 3259 quae
596 3212 785 3249 Stinnerus
816 3212 860 3247 de
890 3211 1035 3256 ,nullus‘
1063 3222 1128 3256 pro
1158 3213 1252 3255 ,non‘
1283 3212 1401 3257 posito
1432 3212 1636 3247 observavit
1663 3223 1697 3257 p.
1729 3213 1791 3247 31:
1823 3212 2006 3257 pertinent
2036 3223 2122 3247 voro
2152 3212 2225 3248 huc
2255 3212 2338 3254 loci,
2371 3223 2416 3247 ex
2447 3211 2610 3257 epistolis

107 3305 116 3310 α
197 3257 318 3295 Attico
340 3258 489 3306 quidem
507 3258 697 3306 inscriptis
719 3257 862 3311 repetiti
887 3267 1022 3304 omneS,
1046 3257 1100 3294 hi:
1125 3256 1247 3295 nullus
1271 3257 1373 3294 venit
1395 3257 1459 3303 XI,
1485 3259 1544 3317 24,
1566 3260 1603 3304 43
1627 3257 1749 3294 nullus
1774 3257 1974 3295 discederet
1996 3257 2079 3305 XV,
2103 3259 2167 3305 223
2190 3258 2290 3305 XIV,
2314 3260 2347 3303 3,
2369 3261 2383 3293 1
2411 3256 2610 3294 Commbus

197 3303 304 3342 Balbi
328 3305 452 3343 nullus
475 3305 593 3343 adhuc
617 3316 667 3342 sc.
692 3308 802 3341 vemt.

2363 3375 2403 3409 1*
