2887 3652
1453 135 1480 180 6

259 275 412 318 borum
435 272 588 319 'formis
617 287 715 318 cum
745 275 953 330 plurimae
983 277 1241 327 contractae,
1278 287 1512 331 perpaucae
1541 276 1690 331 plenae
1719 276 1818 327 sint,
1849 275 2075 327 Romanos,
2106 287 2204 320 cum
2234 275 2434 332 epistolae
2462 279 2684 329 exararent

260 334 317 384 et,
347 335 398 375 ut
427 332 600 383 conicio,
632 345 731 375 cum
760 344 905 376 secum
935 331 1320 384 confabularentur,
1350 333 1444 376 illas
1467 333 1534 377 1118
1564 333 1813 390 praetulisse
1841 334 2030 390 apparet.
2488 376 2490 379 ,
2582 362 2587 383 -,
2609 375 2621 385 ,,

375 389 532 432 Verum
562 390 615 433 ad
646 390 752 433 alias
782 390 899 433 verbi
927 389 1085 434 formas
1116 392 1394 434 transeamus.
1446 391 1590 446 Atque
1618 391 1803 435 secunda
1831 403 2011 447 persona
2039 403 2174 446 praes.
2206 391 2363 446 passivi
2388 391 2501 435 in-re
2526 391 2683 443 1108111111

260 447 373 504 apud
394 446 623 491 Lucceium
643 448 684 500 5,
710 448 777 498 14,
805 448 826 490 1
854 449 898 491 et
921 449 948 491 2
976 447 1355 499 delectare,-an
1368 459 1509 502 gere,
1538 450 1582 492 et
1603 448 1715 504 apud
1744 447 1992 505 Pompeium
2017 446 2072 492 ad
2097 446 2190 493 Att.
2216 449 2257 499 8,
2275 448 2341 500 12,
2358 449 2427 494 04
2445 447 2681 503 hortare,

260 517 440 560 quorum
478 505 682 557 locorum,
725 505 845 548 Neue
881 505 925 548 Π
967 519 1007 561 p.
1045 507 1129 548 395
1169 505 1430 549 mentionem
1469 505 1584 549 facit.
1646 505 1809 559 Quibus
1848 506 1955 550 addo
1998 507 2038 557 8,
2076 505 2116 556 4,
2158 506 2181 548 1
2221 503 2430 561 (Caelius)
2460 506 2679 557 mirera.

262 562 480 606 vetustior
502 562 641 607 ferma
662 563 861 607 infinitivi
888 562 932 606 in
952 584 1000 592 -
1022 575 1068 606 er
1083 562 1312 607 terminata
1331 563 1546 607 invenitur
1570 562 1616 606 in
1636 563 1817 618 epistola
1838 562 2001 609 Vatinii
2021 564 2060 615 5,
2082 563 2122 614 9,
2150 563 2171 606 1
2200 562 2375 608 dicier.
2423 562 2680 617 Confieri,

260 620 371 676 quod
397 620 528 664 etiam
548 620 661 678 apud
678 620 901 665 Caesarem
926 621 966 664 b.
988 618 1039 664 G.
1065 621 1104 673 7,
1129 621 1184 664 58
1205 622 1356 672 exstat,
1378 622 1444 664 est
1463 621 1509 664 in
1529 620 1710 677 epistola
1730 620 1863 664 Servii
1884 619 2056 678 Sulpicii
2079 621 2120 672 4,
2147 621 2187 672 5,
2212 621 2248 664 1.
2292 619 2415 674 Quod
2432 621 2479 665 in
2500 620 2683 678 epistola

259 678 383 722 Balbi
424 678 480 722 ad
510 680 603 722 Att.
636 681 676 731 8,
722 680 789 730 15,
830 679 857 721 3
888 680 933 722 et
962 679 1087 722 Balbi
1124 681 1169 722 et
1206 678 1333 735 Oppii
1369 678 1422 721 ad
1453 680 1546 722 Att.
1579 679 1618 729 9,
1656 679 1695 722 A
1728 680 1749 720 1
1793 681 1871 730 est,
1910 678 2187 722 confieret
2225 691 2252 722 a
2287 679 2408 723 1111110,
2445 679 2529 723 alio
2565 678 2681 723 illius

258 736 412 780 aetatis
443 736 660 792 scriptore,
691 736 765 779 sed
795 749 832 779 a>
852 734 1053 780 Suetonio
1093 736 1263 780 demum
1302 739 1554 792 usurpatum
1592 748 1683 779 esse
1714 749 1736 779 e
1766 735 1909 779 lexicis
1949 735 2162 781 discimus.
2216 736 2316 780 Jam
2345 749 2444 781 vero
2461 736 2531 780 <in
2548 734 2682 782 Caelii

260 793 441 851 epistola
471 795 511 846 8,
542 796 583 846 9,
618 794 638 838 1
673 795 779 839 haec
807 794 1031 850 leguntur:
1061 793 1166 838 Post
1195 795 1409 850 repulsam
1437 807 1536 838 vero
1566 793 1677 839 risus
1707 792 1811 838 facit
1842 791 2026 849 (Hirrus¹
2042 791 2336 851 competitor):
2368 793 2502 843 civem
2524 791 2683 844 bonam

259 853 370 897 ludit
399 855 443 897 et
473 854 621 905 contra
651 851 876 897 Caesarem
899 853 1140 897 sententias
1165 853 1281 905 dicit,
1311 853 1670 910 exspectationem
1690 852 1885 909 corripit:
1918 851 2143 896 Curionem
2172 865 2345 910 prorsus
2374 850 2680 908 curionem-(P)

259 923 345 954 non
373 911 643 969 mediocriter
673 912 992 965 obiurgatus
1022 924 1072 953 ac
1103 910 1305 965 (Orellius
1335 909 1433 959 hac)
1463 911 1635 967 repulsa
1665 924 1709 953 se
1743 911 1940 961 mutavit,
1986 911 2060 954 ubi
2089 924 2113 953 o
2130 911 2259 954 biur
2269 923 2338 966 ga
2354 914 2444 955 tus
2472 911 2682 961 3011111331

261 969 502 1025 praeditum
532 971 612 1020 est,
643 971 848 1025 tanquam
877 969 922 1012 in
952 982 1034 1013 usu
1064 971 1177 1013 esset
1208 969 1383 1013 verbum
1412 968 1627 1025 deponens
1657 967 1882 1023 obiurgari.
1943 967 2063 1021 Quod
2087 980 2186 1012 cum
2214 982 2425 1024 nusquam
2444 967 2682 1025 reperiatur

260 1030 305 1071 et
334 1027 791 1079 sententiadesideret
821 1039 1020 1084 praesens
1041 1027 1281 1082 ,obiurgat‘,
1310 1026 1424 1082 quod
1453 1026 1801 1071 antecedentibus
1828 1025 1944 1078 ,facit
1973 1025 2096 1078 ludit,
2127 1026 2312 1081 corripit‘
2341 1025 2606 1084 respondeat,
2630 1025 2681 1073 ,111

261 1085 536 1140 sequentibus
566 1087 712 1129 autem
741 1085 984 1140 requiratur
1012 1085 1188 1129 verbum
1219 1086 1416 1136 ,tantum‘
1447 1085 1515 1128 vel
1543 1084 1677 1128 simile
1708 1084 1809 1140 quid
1851 1082 1983 1137 (Man.
2015 1084 2188 1136 scilicet,
2219 1083 2399 1129 Orellius
2429 1086 2548 1129 totus
2578 1096 2680 1128 con-

261 1141 472 1197 iecerunt)
503 1143 696 1199 suspicor
711 1140 903 1186 Caelium
925 1143 1162 1199 scripsisse:
1194 1143 1404 1198 obiurgat,
1435 1143 1606 1186 tantum
1634 1143 1713 1185 1130
1733 1141 1905 1198 repulsa
1926 1154 1971 1185 se
1994 1142 2191 1193 mutavit,
2222 1142 2335 1197 quod
2361 1143 2422 1186 sic
2443 1143 2679 1186 exaratum:

262 1214 284 1243 0
298 1200 421 1243 111111·
428 1202 524 1256 gat
554 1202 670 1245 tatu
692 1200 891 1245 facillime
917 1201 1088 1244 librario
1105 1214 1254 1245 ansam
1277 1199 1445 1244 errandi
1465 1201 1510 1243 et
1529 1199 1723 1244 mutandi
1752 1199 1951 1255 praebere
1972 1199 2125 1255 potuit.
2177 1199 2241 1243 De
2261 1199 2397 1244 forma
2420 1198 2679 1257 placitus,

261 1270 368 1312 quae
401 1258 441 1308 8,
472 1258 512 1308 4,
544 1258 572 1300 4
612 1256 819 1313 (Caelius)
862 1259 930 1309 11,
974 1259 1013 1310 1,
1053 1259 1080 1300 2
1119 1261 1162 1301 et
1192 1259 1218 1301 6
1260 1257 1377 1313 (Βο0.
1420 1256 1612 1312 Brutus),
1654 1257 1709 1300 ad
1752 1258 1844 1300 Att.
1884 1259 1924 1307 8,
1966 1259 2020 1300 12
2060 1258 2110 1300 A.
2153 1258 2180 1299 4
2222 1255 2487 1313 (Ρο1111101118)
2528 1259 2679 1308 exstat,

259 1315 343 1359 cfr.
365 1314 485 1359 Neue
515 1315 571 1367 ΙΙ,
603 1316 702 1368 339,
743 1316 816 1372 qui
845 1316 970 1360 docet
1011 1329 1106 1360 eam
1134 1329 1200 1372 ap.
1233 1314 1506 1360 Cornificium
1537 1317 1577 1367 2,
1610 1316 1647 1367 1,
1681 1315 1734 1365 1;
1766 1316 1908 1366 2,,13,
1942 1315 1995 1358 19
2037 1316 2081 1358 et
2110 1327 2176 1370 ap.
2209 1313 2380 1359 Sallust.
2411 1315 2511 1370 Jug.
2543 1314 2611 1366 81,
2654 1315 2676 1359 1

261 1374 449 1416 inveniri.
510 1373 630 1417 Idem
672 1374 944 1418 doctissimus
983 1374 1048 1417 vir
1087 1374 1369 1417 consulendus
1410 1376 1477 1416 est
1517 1372 1571 1416 ΙΙ.
1613 1387 1652 1429 p.
1686 1373 1770 1415 338
1810 1372 1863 1415 de
1902 1373 2107 1426 singulari
2146 1373 2295 1424 forma,
2332 1386 2440 1428 (11130
2480 1373 2526 1416 111
2555 1371 2679 1428 epist.

263 1430 478 1474 Ciceronis
507 1431 585 1474 filii
618 1431 685 1483 16,
716 1433 787 1483 21,
818 1433 844 1474 2
876 1433 944 1475 est
972 1444 1228 1475 successa
1258 1444 1388 1475 esse.
1452 1430 1531 1474 Cui
1562 1431 1696 1474 simile
1726 1429 1831 1473 illud
1854 1430 2036 1485 quidem,
2068 1430 2142 1474 sed
2161 1431 2287 1486 paulo
2308 1431 2449 1475 minus
2478 1429 2681 1474 audacter

261 1489 423 1532 dictum
454 1489 670 1544 0831111011
697 1502 765 1545 ap.
787 1489 874 1533 Liv.
892 1490 948 1541 II,
979 1490 1035 1532 35
1052 1491 1215 1533 exstat:
1240 1490 1352 1533 nolle
1376 1501 1618 1532 successum
1644 1501 1728 1532 non
1754 1488 1959 1544 patribus,
1988 1500 2075 1531 non
2100 1488 2355 1540 consulibus,
2386 1501 2512 1543 quem
2539 1488 2681 1534 locum

262 1546 383 1590 Neue
413 1547 712 1602 praetermisit.
774 1547 1070 1603 Expertum
1098 1548 1196 1590 hab
1209 1560 1263 1590 eo
1295 1547 1408 1590 801118
1438 1546 1623 1592 Plancus
1653 1546 1758 1589 dixit
1791 1546 1857 1597 10,
1888 1546 1956 1596 24,
1987 1546 2014 1588 3
2045 1558 2121 1601 pro
2152 1558 2214 1598 00,
2246 1558 2328 1600 quo
2353 1544 2496 1589 Cicero
2526 1545 2681 1600 aliique

261 1606 462 1648 utuntur:
494 1606 692 1660 expertus
723 1606 823 1657 scio,
854 1607 1052 1662 expertus
1081 1605 1188 1648 dico.
1251 1603 1302 1647 In
1323 1604 1507 1648 transitu
1536 1604 1640 1647 mihi
1660 1615 2012 1646 commemomare
2032 1603 2409 1659 liceatparticipiis
2431 1616 2531 1647 cum
2552 1603 2678 1647 verbo

240 1662 447 1706 habendi
483 1663 721 1707 coniunctis
760 1676 845 1715 eos,
890 1664 964 1719 qui
1000 1664 1079 1707 has
1122 1663 1322 1719 epistolas
1360 1662 1629 1719 scripserunt,
1675 1661 1796 1705 valde
1836 1661 2068 1704 delectatos
2114 1673 2218 1713 esse,
2258 1661 2371 1716 quod
2407 1661 2452 1704 hi
2488 1660 2570 1705 loci
2586 1705 2590 1707 λ
2604 1660 2679 1705 de-

263 1723 527 1764 monstrant:
561 1723 628 1772 10,
661 1722 700 1772 8,
723 1722 748 1764 7
780 1734 852 1765 008
881 1724 932 1765 ut
962 1722 1280 1766 commendatos
1310 1721 1427 1764 vobis
1457 1720 1663 1771 habeatis,
1694 1719 1925 1775 petendum
1948 1718 2115 1762 videtur
2147 1720 2214 1770 10,
2235 1720 2303 1771 21,
2330 1720 2355 1761 7
2377 1731 2516 1762 11103111
2541 1719 2679 1774 digni-

263 1780 398 1822 tatem
429 1779 768 1822 commendatam
798 1780 969 1830 habeas,
1010 1792 1112 1834 rogo
1146 1780 1213 1829 12,
1247 1780 1314 1829 12,
1345 1780 1370 1821 2
1401 1780 1451 1821 ut
1480 1777 1732 1832 dignitatem
1771 1789 1909 1820 meam
1940 1777 2280 1820 commendatam
2309 1777 2388 1820 tibi
2417 1777 2587 1828 habeas,
2625 1776 2681 1819 ad

262 1837 354 1879 Att.
387 1837 427 1887 9,
462 1837 486 1879 7
517 1836 567 1879 Β.
598 1838 625 1880 2
666 1837 933 1893 exploratum
969 1837 1117 1889 1131100,
1157 1836 1211 1880 311
1247 1838 1340 1880 Att.
1372 1837 1410 1886 8,
1444 1836 1496 1879 12
1528 1837 1578 1878 A.
1612 1836 1633 1878 1
1674 1835 1924 1878 distributas
1963 1834 2139 1878 liaberet
2178 1835 2244 1886 10,
2283 1835 2352 1886 34,
2394 1835 2422 1877 4
2459 1835 2680 1890 perspecta

259 1895 390 1938 habes
422 1892 493 1949 (de
523 1907 607 1950 quo
637 1895 729 1938 1000
761 1896 959 1951 corrupto
990 1894 1101 1938 infra
1131 1894 1357 1938 dicendum
1387 1892 1498 1949 erit).

379 1954 646 2007 Aggressuro
675 1953 782 1996 mibi
810 1953 862 1996 ad
895 1953 1075 1996 alteram
1105 1953 1406 2008 grammaticae
1435 1954 1614 2007 partem,
1655 1951 1855 2005 syntaxin
1896 1950 2185 2005 explicandam
2219 1950 2444 1993 dicendum
2486 1952 2599 1993 esset
2628 1949 2680 1993 de

261 2010 458 2053 adverbio
489 2023 587 2053 cum
619 2023 732 2053 esse
764 2011 1003 2060 coniuncto,
1033 2011 1117 2053 nisi
1147 2009 1371 2053 Stinnerus
1400 2024 1440 2065 p.
1472 2010 1643 2052 27—30
1674 2010 1870 2051 accurate
1899 2008 2008 2050 hanc
2031 2020 2122 2050 rem
2142 2008 2421 2063 explanasset.
2464 2006 2546 2060 Qui
2566 2007 2680 2050 idem
2734 2044 2738 2049 .

263 2068 314 2110 de
332 2068 372 2118 9,
390 2069 430 2119 9,
458 2068 478 2110 1
498 2068 603 2111 haec
617 2068 816 2112 adnotat:
848 2067 965 2121 Quae
996 2067 1121 2112 affert
1142 2068 1339 2124 Krueger
1362 2079 1426 2122 gr.
1448 2067 1522 2110 lat.
1545 2065 1568 2120 ξ
1598 2068 1700 2109 505:
1733 2065 1995 2117 ,Rectissime
2023 2067 2126 2108 sunt
2149 2065 2262 2121 apud
2283 2066 2325 2108 te
2352 2064 2504 2108 omnia‘
2521 2077 2606 2108 non
2630 2077 2679 2108 ex

264 2124 489 2176 Ciceronis,
520 2125 596 2168 sed
626 2138 675 2168 ex
705 2126 950 2169 Dolabellae
982 2126 1161 2182 epistola
1187 2126 1370 2181 repetita
1390 2127 1502 2168 sunt.
1564 2125 1614 2167 In
1634 2126 1881 2167 transcursu
1910 2136 2060 2166 moneo
2080 2123 2191 2179 apud
2216 2122 2396 2166 eundem
2416 2123 2680 2166 Dolabellam

262 2183 424 2227 omisso
446 2185 520 2234 ,se⁴
551 2186 737 2227 exstare:
769 2184 967 2227 Terentia
996 2183 1138 2227 minus
1167 2184 1277 2227 belle
1306 2182 1469 2227 habuit.

379 2241 478 2285 Jam
508 2253 605 2284 vero
635 2241 716 2284 loci
746 2243 920 2298 propter
949 2241 1208 2296 singularem
1239 2253 1414 2284 casuum
1444 2253 1569 2284 usum
1600 2239 1814 2296 conspicui
1843 2239 1887 2281 hi
1903 2238 1989 2282 fere
2021 2241 2143 2282 sunt:
2175 2239 2214 2289 4,
2246 2239 2285 2289 5,
2317 2240 2343 2280 2
2372 2237 2556 2291 (Servius
2584 2235 2680 2280 Sul-

263 2298 437 2355 picius):
482 2301 557 2342 aut
600 2299 672 2354 qui
708 2313 795 2342 non
834 2299 878 2342 in
908 2299 992 2342 illis
1022 2300 1150 2342 rebus
1182 2299 1435 2342 exercitatus
1467 2299 1633 2341 animus
1664 2298 1815 2340 callere
1844 2297 1930 2340 iam
1960 2296 2087 2340 debet
2129 2298 2257 2351 atque
2292 2296 2432 2339 01111113
2460 2294 2680 2339 1111110118

261 2357 571 2400 existimare
584 2390 594 2408 ,
627 2370 753 2412 quem
781 2358 923 2401 locum
954 2356 1179 2401 Stinnerus
1208 2358 1252 2400 in
1283 2369 1508 2400 numerum
1539 2369 1683 2400 eorum
1713 2355 1855 2407 refert,
1896 2368 2002 2410 quos
2032 2354 2301 2409 grammatici
2331 2352 2521 2398 Ciceroni
2556 2353 2680 2398 attri-

262 2416 415 2467 buunt,
447 2428 546 2459 cum
576 2429 723 2459 eorum
753 2416 853 2468 sint,
891 2416 967 2471 qui
1003 2416 1054 2460 ad
1097 2429 1194 2460 eum
1234 2416 1402 2459 litteras
1442 2414 1662 2465 dederunt,
1701 2414 1768 2458 his
1804 2413 1943 2458 verbis
1979 2426 2082 2458 usus
2120 2427 2160 2469 p.
2191 2413 2269 2456 42:
2310 2411 2597 2467 Similiterque
2635 2411 2681 2455 in

262 2486 449 2517 errorem
479 2473 603 2517 facile
642 2474 828 2528 aliquem
870 2473 1046 2517 inducat
1074 2474 1185 2517 Rud.
1217 2473 1432 2524 Kuehner,
1463 2486 1488 2516 a
1519 2486 1601 2526 quo
1633 2471 1843 2527 (Schulgr.
1880 2470 1904 2525 ἓ
1938 2472 2033 2521 111,
2064 2469 2110 2525 2)
2148 2471 2253 2513 haec
2291 2469 2547 2513 afferuntur:
2583 2468 2681 2522 ,Qui

263 2556 316 2561 -·
348 2531 525 2575 minoris
555 2531 829 2575 existimare?
893 2530 938 2574 C.
969 2531 1087 2575 Fam.
1119 2533 1159 2583 4,
1190 2531 1231 2583 5,
1263 2533 1303 2583 2,
1346 2543 1453 2586 quae
1491 2530 1661 2586 quidem
1690 2530 1817 2573 verba
1856 2531 1958 2573 sunt
1995 2528 2148 2580 Servii,
2191 2528 2397 2572 luculenti
2433 2539 2534 2571 sane
2577 2526 2680 2571 scri-

261 2590 408 2645 ptoris,
440 2592 496 2633 at
533 2590 587 2632 ab
618 2589 833 2633 Ciceronis
863 2589 1167 2633 consuetudine
1209 2590 1254 2632 in
1294 2603 1341 2632 00
1383 2589 1473 2632 81110
1512 2589 1638 2631 dubio
1678 2588 1927 2638 recedentis,
1968 2586 2080 2641 quod
2120 2587 2157 2629 is
2193 2599 2291 2630 cum
2327 2585 2479 2629 ceteris
2509 2584 2681 2650 optimis

260 2647 488 2691 latinitatis
518 2647 764 2691 auctoribus
801 2648 977 2691 verbum
1017 2647 1286 2690 existimandi
1325 2660 1420 2690 cum
1460 2647 1654 2701 genetivo
1697 2659 1759 2696 00,
1797 2658 1880 2700 quo
1918 2644 2046 2700 pretii
2084 2643 2437 2699 significationem
2474 2642 2681 2687 contineri

261 2705 423 2755 dicunt,
452 2718 539 2749 non
571 2707 637 2749 est
666 2705 818 2750 solitus
848 2704 1050 2750 Plautino
1081 2705 1168 2748 fere
1198 2717 1314 2748 more
1346 2705 1638 2760 coniungere.“
1684 2703 1934 2747 Plautinum
1953 2702 2094 2746 locum
2115 2701 2362 2758 suppeditat
2380 2700 2533 2745 Holtze
2554 2699 2678 2755 Synt.

261 2764 384 2819 prisc.
417 2764 562 2819 script.
594 2764 669 2806 lat.
700 2763 829 2807 Most.
860 2763 893 2814 Ι,
929 2764 967 2814 1,
1002 2764 1079 2806 73:
1120 2762 1251 2806 Satin'
1291 2763 1396 2805 abiit
1431 2775 1570 2817 neque
1595 2762 1723 2817 quod
1752 2760 1838 2803 dixi
1868 2760 1989 2804 flocci
2019 2760 2243 2804 existimat.
2304 2759 2450 2803 Liceat
2477 2758 2559 2802 hoc
2588 2759 2679 2801 loco

261 2830 625 2864 commemomare'
654 2834 680 2864 a
717 2820 874 2864 Planco
914 2822 982 2870 10,
1025 2822 1066 2872 4,
1099 2822 1124 2863 2
1167 2820 1411 2863 adverbium
1452 2820 1628 2864 carius
1668 2832 1765 2863 cum
1803 2818 1928 2861 verbo
1968 2817 2220 2861 aestimandi
2260 2817 2534 2860 coniunctum
2563 2827 2679 2881 esse:

254 2879 545 2935 Quaecunque
576 2879 621 2922 in
649 2892 718 2922 me
748 2880 863 2923 bona·
890 2881 1004 2929 sunt,
1034 2903 1090 2909 —
1123 2879 1205 2922 etsi
1234 2891 1260 2922 a
1289 2880 1332 2921 te
1362 2880 1535 2935 propter
1565 2890 1751 2921 amorem
1781 2876 1919 2920 carius
1949 2877 2052 2919 sunt
2081 2875 2319 2920 aestimata.
2378 2874 2479 2919 Jam
2508 2885 2606 2917 vero
2635 2886 2681 2917 in

259 2937 427 2980 Lucceii
450 2937 633 2994 epistola
663 2938 703 2990 5,
729 2938 796 2989 14,
828 2938 848 2981 1
871 2937 1093 2994 genetivus
1121 2950 1272 2992 graeco
1297 2949 1412 2980 more
1442 2949 1525 2994 per.
1538 2935 1837 2980 attractionem
1865 2934 1910 2978 in
1939 2933 2161 2978 enuntiato
2188 2933 2363 2977 relativo
2384 2932 2571 2990 positum
2594 2932 2679 2976 est:

257 2996 356 3039 cum
387 2995 547 3051 aliquid
577 3008 679 3051 agas
709 3009 870 3046 eorum,
901 3009 1081 3051 quorum
1111 2995 1339 3039 consuesti.
1400 2994 1592 3048 Quocum
1620 2994 1761 3038 nescio
1801 3006 1856 3036 an
1898 2992 2133 3049 comparari
2162 2991 2297 3048 possit
2326 2991 2547 3035 Livianum
2575 2987 2681 3039 illud

261 3055 299 3104 1,
331 3052 401 3097 29‘
417 3053 604 3109 Raptim,
637 3053 789 3108 quibus
811 3054 989 3109 quisque
1012 3054 1194 3110 poterat,
1226 3052 1350 3096 elatis
1377 3055 1419 3095 et
1440 3052 1632 3109 Suetonii
1652 3051 1739 3096 Cal.
1756 3052 1812 3094 48
1844 3052 2063 3095 contracto
2085 3049 2221 3094 omnis
2242 3049 2407 3104 generis
2428 3048 2679 3113 commeatu.

255 3113 417 3166 quanto
437 3123 655 3166 nunquam
676 3111 794 3161 alias.
841 3113 933 3165 Age
953 3124 1051 3154 vero
1075 3112 1120 3153 in
1141 3111 1323 3166 epistola
1342 3111 1393 3152 D.
1412 3110 1535 3153 Bruti
1558 3110 1625 3159 11,
1649 3111 1686 3159 1,
1709 3111 1736 3152 3
1758 3111 1845 3152 est:
1868 3108 1979 3160 Quid
2001 3120 2101 3160 ergo
2127 3110 2204 3157 est,
2225 3107 2379 3162 inquis,
2399 3107 2466 3150 tui
2484 3104 2678 3153 consilii?

256 3168 374 3211 Duas
405 3169 643 3211 structuras
672 3168 717 3211 in
748 3182 876 3212 unam
908 3169 1106 3212 confusas
1136 3181 1229 3212 esse
1259 3167 1316 3218 ,id
1347 3168 1509 3211 consilii
1539 3167 1643 3210 mihi
1674 3168 1752 3209 est‘
1784 3168 1828 3209 et
1858 3166 1913 3215 ,id
1944 3165 2107 3208 consilii
2135 3165 2218 3208 mei
2238 3165 2317 3208 est‘
2348 3165 2493 3208 censet
2510 3162 2679 3206 Kraner

257 3226 310 3269 ad
342 3224 461 3269 Caes.
492 3226 533 3269 b.
565 3225 616 3270 G.
651 3226 688 3277 1,
721 3227 772 3269 21
809 3226 911 3282 quid
943 3225 1108 3270 consilii
1139 3226 1205 3269 sui
1236 3225 1305 3276 sit,
1337 3225 1409 3279 qui
1438 3225 1552 3269 idem
1582 3225 1622 3267 b.
1645 3223 1753 3268 Gall.
1775 3225 1815 3275 6,
1849 3224 1887 3274 7,
1920 3223 2042 3273 8:¹7,
2075 3222 2142 3274 77,
2175 3222 2228 3266 12
2258 3221 2384 3269 affert
2413 3223 2457 3266 et
2486 3220 2541 3266 ad
2560 3217 2676 3266 Caes·

250 3284 297 3325 -b‘.
322 3296 365 3335 0.
383 3284 423 3335 3,
457 3284 552 3336 109,
573 3284 622 3328 3:
654 3283 754 3339 quid
785 3286 899 3327 esset
929 3296 1030 3333 suae
1060 3283 1293 3328 voluntatis
1324 3282 1503 3335 adnotat
1533 3282 1775 3337 genetivum
1804 3293 1890 3325 non
1920 3293 1945 3324 a
1975 3280 2115 3335 ,quid‘,
2147 3279 2221 3340 sed
2251 3280 2305 3327 ab
2335 3279 2453 3332 ‚esse‘
2479 3275 2677 3334 pendere,
