2887 3652
1463 174 1489 215 8

236 299 367 365 -pore
392 310 538 352 ‘exstat
565 308 611 351 in
642 307 821 364 epistola
850 308 903 351 D.
934 308 1061 352 Bruti
1091 308 1160 359 11,
1205 309 1243 360 1,
1274 309 1324 351 4:
1366 306 1479 352 Satis
1516 312 1706 364 tempore
1750 306 1804 351 ad
1841 320 1913 351 eos
1950 306 2210 352 accedemus.
2270 308 2373 351 De
2405 308 2516 354 11888
2543 311 2691 357 forma

266 366 504 422 temperi
532 366 601 409 -vel
631 366 871 421 tempori
901 366 1228 421 disputaverunt
1267 366 1480 417 Holtz.1,
1523 368 1605 409 103
1647 369 1691 409 et
1721 366 1840 409 Neue
1868 365 1925 416 ΙΙ,
1956 366 2054 415 672,
2085 366 2178 420 qui
2189 365 2296 408 111108
2325 378 2349 408 8
2419 378 2585 411 881088
2583 369 2690 426 ipso

266 424 426 479 petitos
453 423 570 466 locos
601 422 713 466 Cael.
746 423 814 472 27,
851 424 907 465 65
939 426 983 466 81
1013 423 1067 465 ad
1098 423 1216 465 Fam
1249 424 1445 474 7,18,1
1480 424 1615 466 affert.
1677 425 1743 466 Ab
1785 424 1898 465 illius
1936 423 2089 465 aetatis
2127 422 2430 466 consuetudine
2466 424 2690 482 discrepat,

266 480 379 536 quod
419 481 464 524 in
499 481 679 537 epistola
726 480 851 524 Bruti
891 482 935 524 et
972 479 1105 524 Cassii
1149 481 1214 530 11,
1257 455 1297 531 2,
1339 482 1364 523 2
1408 483 1495 524 est:
1538 494 1616 524 nec
1654 481 1885 537 quidquam
1925 478 2041 536 (nos)
2090 479 2206 523 aliud
2244 480 2441 524 libertate
2464 484 2692 530 communi

235 547 239 550 ’
264 539 479 594 quaesisse
518 539 657 582 exitus
697 538 897 581 declarat.
953 539 1150 581 Alterum
1180 539 1269 582 eius
1300 551 1403 581 usus
1434 540 1673 605 exemplum
1702 539 1949 594 suppeditat
1976 538 2171 592 Krueger
2200 537 2272 581 Gr.
2303 539 2378 582 lat.
2409 536 2454 591 ξ
2464 539 2550 582 372
2568 540 2634 583 A.
2662 542 2691 583 4

236 608 314 639 7-81
345 596 495 639 Horat.
527 596 604 651 Ep.
639 597 677 644 1,
710 597 777 646 16,
808 597 865 638 20
896 596 1108 651 petitum:
1154 595 1218 638 Ne
1247 599 1373 651 putes
1405 597 1536 638 alium
1566 596 1757 651 sapiente
1790 599 1980 650 bonoque
2010 596 2195 638 beatum.
2255 594 2409 638 Nescio
2439 609 2504 639 aii
2514 600 2692 652 praeter

266 653 615 697 consuetudinem
652 653 826 696 Asinius
856 652 992 696 Pollio
1026 654 1092 704 10,
1135 655 1203 705 31,
1246 655 1296 696 6:
1335 653 1529 708 opinione
1568 656 1645 696 tua
1687 653 1793 696 mihi
1828 654 1992 708 gratius
2031 655 2097 696 est
2134 665 2367 710 pronomen
2402 654 2693 720 possessivum

252 710 489 762 addiderit,
520 711 640 754 cuius
669 714 817 754 tamen
847 710 984 754 simile
1013 687 1119 754 illu'd
1150 687 1396 754 Plautinum
1426 713 1512 754 est:
1549 711 1638 753 Mil.
1670 711 1710 761 4,
1754 712 1795 762 6,
1838 711 1895 752 23
1933 710 2055 754 181118
2081 711 2237 761 curavi,
2274 712 2325 753 ut
2354 711 2549 776 opinione
2577 711 2691 756 illius

264 768 452 835 pulcrior
478 768 548 811 sis.
609 767 854 823 Praeceptis
893 771 1037 811 autem
1077 769 1455 822 grammaticorum
1492 767 1585 823 (cfr.
1628 768 1794 823 Zumpt.
1839 766 1863 820 ἓ
1894 765 1998 822 641)
2029 770 2254 823 repugnat,
2296 767 2410 823 quod
2437 768 2483 812 iii
2511 768 2692 824 epistola

265 825 413 868 Planci
447 825 527 876 1,0
575 826 645 877 21,
691 826 719 866 4
765 828 924 868 exstat:
970 826 1231 868 hostibus
1278 825 1523 880 denique
1569 825 1829 868 omnibus
1877 825 2188 876 iudicatis,
2233 825 2353 868 cuius
2396 825 2551 868 similia
2592 837 2691 870 raro

263 857 549 934 inveniuntur,
587 885 637 925 ut
667 882 752 926 Cic.
793 883 847 926 ad
879 882 996 925 Fam.
1028 883 1068 934 7,
1112 883 1273 934 30,1:
1317 896 1399 938 quo
1437 885 1606 926 mortuo
1645 883 1853 925 nuntiato.
1914 881 2011 925 Non
2047 882 2131 925 huc
2159 882 2403 926 referendos
2433 895 2544 927 esse
2564 883 2691 935 loo'os,

264 941 396 984 etiam
420 940 537 995 ipsos
567 943 712 983 tamen
738 942 912 995 propter
939 915 1159 983 'c‘umu'lata
1188 940 1411 995 participia
1441 940 1754 996 vituperandos,
1784 941 1903 983 velut
1930 939 2043 983 Hirt.
2072 940 2113 982 1).
2145 939 2195 983 G.
2228 941 2268 991 8,
2299 941 2356 983 20
2386 940 2532 995 paucis
2564 941 2692 996 atque

262 997 330 1043 1118
367 997 601 1041 vulneratis
630 998 824 1052 receptis,
853 997 910 1040 id.
949 1010 984 1041 c.
1016 998 1085 1040 28.
1117 998 1242 1040 Auct.
1273 998 1314 1040 b.
1346 997 1436 1040 Afr.
1469 998 1538 1049 29,
1570 997 1655 1040 Liv.
1690 997 1726 1048 1,
1761 997 1828 1047 14,
1859 997 1909 1047 4,
1950 998 1990 1048 3,
2021 997 2091 1047 33,
2122 997 2172 1047 9,
2209 997 2249 1048 8,
2283 997 2349 1049 12,
2380 998 2432 1047 9;
2463 998 2534 1049 22,
2550 996 2635 1049 29
2667 999 2689 1040 1

263 1066 351 1098 non
388 1057 468 1106 est,
492 1054 612 1109 quod
646 1066 854 1096 moneam.
918 1054 1140 1098 Postremo
1177 1055 1352 1097 verbum
1380 1055 1673 1109 indigendi
1702 1067 1788 1096 non
1818 1054 2173 1109 praetereundum
2213 1065 2306 1096 esse
2338 1027 2539 1106 arbitror,
2578 1055 2692 1110 quod

265 1110 434 1155 Servius
465 1110 676 1168 Sulpicius
706 1112 746 1162 4,
777 1113 817 1163 5,
852 1113 889 1163 1,
925 1111 1110 1155 Plancus
1142 1113 1209 1163 10,
1244 1112 1310 1163 17,
1343 1114 1382 1163 2,
1415 1112 1462 1155 C.
1494 1112 1663 1155 Cassius
1697 1113 1762 1162 12,
1796 1112 1862 1163 11,
1894 1113 1921 1154 2
1951 1124 2050 1154 cum
2085 1111 2271 1154 ablativo
2301 1112 2623 1156 coniunxerunt.

378 1167 470 1219 His,
509 1181 617 1224 quos
653 1169 778 1212 modo
824 1170 1120 1221 tractavimus,
1166 1170 1269 1213 locis
1305 1169 1534 1224 adiungere
1570 1170 1675 1212 libet
1714 1182 1798 1220 eos,
1836 1169 1990 1223 quibus
2031 1169 2493 1223 praepositiones
2529 1169 2615 1213 alia
2651 1170 2693 1212 vi

263 1239 312 1270 88
342 1201 651 1282 significatione
680 1226 898 1283 praeditae
929 1228 1033 1271 811111
1067 1229 1195 1283 atque
1228 1226 1340 1283 apud
1378 1239 1524 1271 omnes
1562 1229 1637 1270 aut
1675 1227 1833 1270 saltem
1869 1227 2074 1283 plurimos
2113 1226 2228 1269 illius
2265 1226 2419 1270 aetatis
2450 1226 2691 1283 scriptores.

262 1286 326 1328 Ac
354 1285 542 1341 primum
562 1239 730 1328 0881188
760 1286 800 1336 8,
834 1285 901 1337 14,
931 1285 961 1329 4
991 1285 1114 1329 dixit:
1153 1285 1280 1328 Ads
1261 1297 1512 1329 summam
1542 1285 1720 1341 quaeris,
1753 1285 1854 1340 quid
1884 1287 2032 1341 putem
2061 1284 2266 1336 futurum,
2297 1297 2373 1341 pro
2403 1297 2488 1340 quo
2517 1296 2693 1342 exspec-

260 1345 404 1387 tamus
433 1343 488 1386 in
517 1356 726 1386 summa.
773 1342 859 1386 Cfr.
890 1344 1031 1387 Hand.
1062 1344 1183 1388 Turs.
1214 1343 1292 1395 III,
1324 1345 1421 1387 264.
1480 1343 1569 1387 Nec
1597 1343 1737 1387 minus
1767 1343 1971 1387 inusitate
2000 1343 2106 1386 milii
2134 1343 2288 1386 dixisse
2318 1343 2487 1387 videtur
2509 1342 2693 1389 Plancus

263 1402 331 1452 lo,
360 1402 401 1451 8,
433 1402 484 1444 6:
517 1401 774 1457 provinciam
801 1414 970 1445 summa
999 1402 1268 1445 contentione
1299 1401 1358 1444 ad
1388 1402 1587 1445 officia
1616 1403 1910 1444 certantem
1940 1400 2105 1455 (Cicero
2134 1401 2189 1443 ad
2218 1400 2318 1445 fam.
2351 1401 2389 1452 7,
2422 1401 2474 1443 31
2507 1401 2693 1446 ablativo

260 1459 431 1504 utitur:
451 1458 663 1512 reliquum
692 1461 771 1509 est,
802 1462 853 1502 ut
882 1459 1035 1502 officiis
1065 1461 1276 1502 certemus
1305 1460 1418 1502 inter
1447 1457 1557 1513 nos)
1618 1459 1744 1514 Apud
1775 1459 1958 1501 eundem
2001 1458 2167 1509 10,17‚
2209 1459 2235 1500 2
2272 1460 2357 1501 est:
2406 1458 2473 1501 811
2513 1471 2633 1502 omn
2645 1471 2694 1502 ia

260 1516 503 1571 pericula
545 1516 800 1572 princeps
841 1529 960 1560 esse
1004 1529 1091 1559 non
1132 1517 1359 1559 recusabat
1401 1515 1533 1577 (apud
1578 1515 1822 1559 Ciceronem
1869 1516 2142 1570 princeps
2183 1515 2234 1558 iii
2275 1515 2483 1570 agendo
2521 1514 2691 1570 exstat).

263 1571 385 1626 Quod
414 1573 527 1616 idem
567 1574 613 1616 in
643 1576 832 1616 extrema
872 1573 1051 1629 epistola
1092 1575 1159 1624 10,
1199 1574 1359 1629 posuit:
1398 1574 1587 1617 Tantum
1616 1576 1661 1616 te
1690 1586 1806 1627 rogo,
1836 1573 1883 1615 in
1911 1573 2042 1615 Hirtii
2070 1573 2213 1615 locum
2248 1585 2317 1616 me
2347 1572 2505 1616 subdas
2544 1574 2589 1616 81
2626 1573 2693 1617 811

233 1633 411 1673 tuum
450 1642 682 1673 amorem
722 1633 774 1673 81
818 1631 882 1673 811
920 1642 1092 1673 meam
1129 1631 1560 1674 observantiam
1590 1643 1722 1687 prope
1752 1630 1916 1673 accedit
1946 1630 1999 1672 ad
2029 1624 2351 1672 similitudinem
2381 1641 2541 1681 eorum,
2578 1641 2693 1685 quae

260 1688 375 1743 apud
397 1687 641 1730 Ciceronem
670 1689 946 1731 inveniuntur
977 1687 1068 1731 Cat.
1095 1689 1133 1739 1,
1166 1691 1212 1730 5:
1251 1689 1421 1731 Faciam
1450 1689 1506 1739 id,
1538 1688 1652 1743 quod
1683 1691 1749 1731 est
1779 1689 1833 1730 ad
1862 1688 2135 1730 severitatem
2164 1687 2315 1737 18111118,
2345 1687 2399 1729 811
2425 1699 2694 1730 8088888881

253 1744 469 1845 ἓΙιιὲωιΤ
480 1744 629 1845 111111ιί8
654 1747 714 1845 1et
745 1744 970 1789 Caesarem
1000 1746 1039 1788 b.
1072 1744 1123 1789 G.
1156 1747 1197 1797 2,
1236 1747 1310 1788 26.
1349 1745 1506 1789 milites
1536 1745 1643 1788 nihil
1673 1746 1726 1788 ad
1758 1744 2021 1788 celeritatem
2051 1744 2130 1788 sibi
2159 1744 2312 1799 reliqui
2341 1744 2545 1788 fecerunt.
2600 1743 2692 1787 011.

303 1814 359 1846 aii
391 1834 401 1845 .
470 1815 556 1846 urs.
611 1834 622 1854 ,
682 1803 750 1846 06.

375 1860 539 1915 Apud.
604 1859 710 1903 Cum
757 1860 948 1903 Sallustii
992 1873 1074 1903 usu
1119 1861 1319 1915 loquendi
1366 1861 1606 1910 concordat,
1653 1861 1765 1915 quod
1813 1861 1927 1916 apud
1976 1860 2168 1902 Servium
2213 1859 2446 1915 Sulpicium
2490 1861 2530 1911 4,
2578 1861 2618 1910 5,
2666 1861 2692 1901 5

258 1917 495 1961 invenitur:
526 1917 660 1974 apud
689 1917 926 1961 animum
955 1930 1208 1973 propono.

247 1982 251 1985 *
374 1975 511 2019 Ante
542 1975 722 2030 gradum
752 1975 966 2030 significat
994 1976 1040 2019 in
1070 1976 1250 2032 epistola
1280 1975 1402 2019 Balbi
1433 1976 1486 2019 ad
1517 1976 1608 2019 Att.
1642 1977 1680 2027 8,
1715 1977 1782 2027 15,
1813 1977 1864 2019 A.
1896 1976 1923 2019 2
1954 1988 2080 2030 quem
2110 1977 2243 2018 ante
2281 1989 2326 2018 m
2341 1988 2365 2018 e
2395 1975 2537 2028 diligo.

375 2031 677 2077 Secundum
700 2033 842 2077 locum
861 2033 1053 2078 indicat
1042 2046 1085 2077 in
1107 2034 1287 2091 epistola
1312 2032 1486 2091 Sulpicii
1508 2010 1711 2086 4,12,2;
1746 2031 2032 2090 (Marcellum)
2054 2033 2238 2077 alterum
2263 2030 2430 2088 (volnus
2460 2031 2690 2089 accepisse)

261 2092 496 2136 secundum
526 2104 686 2143 aurem,
718 2092 831 2147 quod
858 2092 1054 2147 Krueger
1083 2092 1106 2146 ἕ
1138 2093 1224 2134 328
1255 2092 1446 2135 Ciceroni
1475 2093 1697 2143 attribuit:
1728 2094 1782 2135 ad
1813 2091 2210 2143 Att.8,12,C.1
2252 2093 2288 2134 81
2317 2092 2546 2134 8888811881
2575 2104 2692 2134 81818

257 2150 312 2192 ad
341 2161 410 2192 me
439 2150 752 2250 ἰιᾍὲιωρὶεεεῂ
812 2149 1015 2192 Similiter
1039 2149 1185 2192 Cicero
1215 2150 1304 2204 ipse
1335 2151 1504 2192 locutus
1535 2152 1600 2192 est
1629 2151 1682 2192 ad
1712 2152 1803 2193 Att.
1837 2151 1903 2201 16,
1936 2151 1975 2201 8,
2005 2151 2033 2199 2
2065 2162 2172 2204 quae
2201 2151 2284 2192 iter
2312 2148 2546 2191 secundum
2574 2161 2691 2192 mare

256 2220 307 2250 su
361 2220 458 2250 rum
554 2207 649 2250 iunt

308 2220 359 2263 pe
374 2265 491 2307 Per.
546 2265 598 2307 In
621 2265 802 2320 epistola
832 2265 996 2307 Metelli
1027 2266 1123 2315 5,1
1154 2266 1261 2308 haec
1291 2268 1479 2308 exstant:
1509 2263 1844 2330 (Existimarem)
1875 2277 1952 2308 nec
1983 2265 2207 2308 Metellum
2237 2265 2414 2307 fratrem
2444 2264 2498 2307 ob
2529 2264 2691 2307 dictum

245 2321 399 2378 vcapite
435 2334 485 2365 ac
523 2321 704 2365 fortunis
746 2334 837 2378 per
865 2324 917 2366 te
948 2325 1241 2378 oppugnatum
1271 2322 1335 2374 iri,
1386 2323 1505 2365 cuius
1535 2323 1625 2365 1080
1663 2323 1707 2364 18
1737 2334 1787 2365 88
1824 2323 2015 2378 epistola,
2057 2334 2142 2377 qua
2180 2321 2324 2365 Cicero
2361 2322 2425 2364 illi
2462 2321 2692 2377 respondet

260 2377 321 2434 (5,
361 2380 402 2431 2,
433 2378 494 2434 6),
539 2392 565 2422 a
602 2382 652 2422 te
693 2383 783 2423 881.
830 2379 953 2433 Quod
994 2380 1142 2424 scribis
1180 2393 1265 2423 non
1306 2381 1544 2436 oportuisse
1590 2380 1814 2423 Metellum
1851 2379 2027 2424 fratrem
2073 2382 2197 2423 tuum
2243 2380 2295 2423 01)
2337 2379 2500 2423 dictum
2545 2391 2570 2422 a
2613 2391 2689 2422 me

256 2438 508 2494 oppugnari.
569 2437 663 2480 Hoc
693 2440 792 2480 ante
822 2450 892 2481 me
921 2437 1261 2482 animadversum
1291 2441 1356 2481 est
1385 2438 1439 2481 81)
1470 2438 1636 2481 Η881110
1667 2438 1789 2481 Turs.
1819 2438 1853 2489 Ι,
1885 2439 1937 2480 31
1972 2441 2015 2482 81
2045 2437 2117 2488 IV,
2149 2438 2246 2481 437.

373 2496 431 2546 A,
474 2495 710 2547 81),81)8.
786 2495 953 2538 Caelius
999 2496 1239 2547 8,10,1
1289 2495 1462 2539 scribit:
1516 2495 1629 2539 Nam
1674 2496 1725 2538 de
1772 2496 1879 2547 vita,
1923 2496 1958 2539 si
2001 2496 2190 2551 paratior
2233 2496 2286 2538 ab
2329 2495 2516 2538 exercitu
2560 2506 2687 2546 esses,

253 2553 507 2604 timuissem,
548 2555 593 2598 et
630 2554 670 2603 8,
711 2553 778 2603 14,
817 2555 864 2595 2:
910 2551 1189 2596 Saturninum
1228 2565 1327 2596 sane
1365 2566 1493 2608 quam
1531 2555 1745 2610 superiore
1775 2566 1801 2596 a
1830 2528 1919 2597 1118
1946 2554 2213 2604 invidiosum,
2245 2553 2405 2596 Brutus
2439 2553 2505 2603 11,
2540 2553 2606 2604 13,
2639 2553 2684 2595 5:

255 2610 516 2665 paratissimi
545 2611 603 2652 ab
633 2611 834 2661 exercitu,
873 2609 1058 2653 Plancus
1091 2612 1157 2661 10,
1199 2612 1238 2659 8,
1270 2614 1315 2652 5:
1353 2612 1406 2653 ab
1436 2612 1550 2653 omni
1580 2624 1624 2653 re
1657 2623 1804 2653 sumus
1835 2611 2081 2666 paratiores,
2122 2613 2167 2652 et
2199 2611 2265 2662 10,
2309 2611 2376 2660 15,
2417 2612 2443 2651 2
2474 2610 2686 2653 Antonius

254 2668 308 2711 ab
339 2668 535 2733 equitatu
573 2668 735 2711 firmus.
794 2643 911 2720 Q'uos
942 2668 1058 2711 locos
1095 2681 1179 2710 non
1215 2681 1621 2718 commemorassem,
1651 2669 1734 2711 nisi
1768 2668 1975 2721 Krueger,
2007 2667 2030 2720 ἓ
2062 2668 2146 2710 376
2177 2681 2286 2718 eum,
2318 2680 2444 2720 quem
2472 2669 2686 2722 postremo

252 2725 396 2781 posui,
440 2738 465 2768 a
503 2724 703 2768 Cicerone
744 2725 986 2781 profectum
1023 2737 1115 2768 esse
1153 2725 1344 2776 dixisset,
1383 2727 1531 2769 contra
1571 2738 1667 2769 vere
1704 2724 1999 2768 Ciceronianos
2037 2724 2261 2775 omisisset,
2298 2727 2348 2767 ut
2388 2724 2508 2768 Brut.
2540 2722 2564 2778 ἓ
2602 2725 2685 2767 60:

254 2783 329 2826 sed
372 2783 445 2826 ille
483 2782 671 2826 Graecus
712 2781 900 2839 (Lysias)
947 2784 1001 2826 ab
1051 2782 1167 2825 omni
1213 2783 1337 2826 laude
1377 2784 1538 2828 felicior
1583 2786 1628 2826 et
1671 2782 1695 2836 ἓ
1743 2783 1844 2825 161:
1893 2783 1975 2825 nisi
2021 2783 2093 2837 qui
2135 2795 2160 2825 a
2204 2783 2482 2838 philosophia,
2530 2794 2556 2824 a
2595 2781 2686 2824 iure

253 2841 385 2892 civili,
434 2842 487 2884 ab
531 2841 710 2884 historia
751 2842 903 2886 fuisset
955 2841 1207 2885 instructior
1248 2845 1291 2884 et
1340 2843 1422 2885 198
1464 2842 1518 2884 ab
1560 2840 1762 2896 exemplis
1807 2841 1984 2895 copiose.
2016 2839 2136 2883 Cfr.
2182 2839 2322 2883 Hand.
2362 2840 2484 2883 Turs.
2529 2840 2569 2890 Ι,
2610 2840 2684 2882 58

251 2897 372 2941 Idem
408 2911 450 2955 p.
490 2900 546 2942 29
586 2899 639 2942 de
681 2899 886 2954 singulari
920 2899 962 2944 vi
999 2899 1205 2955 disputat,
1244 2912 1328 2954 qua
1366 2899 1622 2965 praepositio
1659 2910 1688 2938 a
1723 2899 1916 2954 praedita
1952 2868 2019 2942 est
2053 2899 2098 2941 in
2143 2911 2207 2954 ep.
2252 2898 2377 2941 Bruti
2414 2899 2481 2949 11,
2531 2898 2597 2949 10,
2638 2897 2683 2939 2.

221 2958 303 3000 -·tu
343 2957 457 3000 enim
498 2969 523 3000 a
565 2959 682 3001 certo
721 2969 848 3001 sensu
889 2960 933 3002 et
969 2969 1068 3000 vero
1110 2956 1274 3001 iudicas
1313 2958 1363 3000 de
1409 2957 1552 3009 nobis,
1593 2957 1620 2999 i.
1662 2969 1696 2999 e.
1740 2957 1973 3000 secundum
2011 2959 2055 3000 et
2091 2969 2187 3012 pag.
2226 2955 2281 2998 33
2322 2955 2446 2999 affert
2481 2956 2623 3000 locum
2663 2966 2684 2996 8

252 3013 378 3057 Balbi
414 3014 593 3081 epistola
634 3014 706 3082 (ad
746 3017 839 3058 Att.
883 3016 923 3067 9,
966 3015 1004 3066 7,
1042 3014 1088 3070 3)
1127 3015 1324 3071 petitum,
1365 3027 1447 3070 quo
1488 3027 1517 3056 a
1555 3027 1727 3058 causam
1766 3015 1983 3070 designat.
2029 3015 2134 3056 haec
2170 3027 2299 3068 quam
2338 3014 2571 3069 prudenter
2603 3011 2684 3055 tibi

251 3072 446 3123 scribam,
476 3073 641 3115 nescio:
671 3073 761 3116 8811
791 3073 898 3116 111811
928 3075 1043 3116 certe
1074 3074 1161 3116 scio
1191 3085 1261 3116 me
1290 3074 1344 3116 ab
1376 3073 1580 3127 singulari
1610 3085 1754 3116 amore
1784 3085 1835 3115 ac
1865 3072 2167 3122 benevolentia,
2211 3084 2500 3126 quaecumque
2530 3069 2682 3119 8811110,

250 3129 330 3172 tibi
358 3130 555 3173 scribere.
617 3129 713 3173 Non
743 3131 880 3174 solum
910 3132 1061 3186 poetae
1091 3131 1359 3181 vetustiores,
1392 3131 1466 3173 sed
1492 3131 1621 3173 811881
1641 3131 1768 3174 Α1181.
1807 3130 1861 3173 811
1884 3130 2069 3173 Herenn.
2094 3131 2137 3172 et
2157 3104 2388 3173 Sallustius
2414 3128 2683 3183 praeiverunt

246 3186 305 3238 id,
337 3186 449 3242 quod
473 3188 587 3243 apud
619 3187 809 3230 Caelium
841 3190 880 3240 8,
911 3189 952 3241 9,
983 3189 1012 3230 3
1041 3190 1204 3231 exstat.
1237 3199 1405 3231 seorsus
1436 3200 1461 3230 a
1491 3189 1665 3244 collega.
1714 3187 1872 3230 Contra
1902 3187 2064 3242 primus
2092 3186 2206 3229 idem
2235 3187 2403 3230 videtur
2432 3197 2562 3230 ausus
2589 3190 2681 3228 esse

246 3244 387 3287 dicere
416 3245 457 3295 8,
488 3247 528 3295 2,
564 3246 610 3287 l:
642 3246 755 3300 quod
784 3247 975 3289 intactus
1006 3259 1032 3288 a
1061 3247 1185 3288 sibilo
1216 3249 1466 3301 pervenerat
1482 3246 1735 3288 Hortensius
1761 3246 1814 3287 ad
1839 3247 2115 3294 senectutem,
2147 3246 2267 3287 cuius
2290 3244 2491 3299 loquendi
2514 3241 2680 3297 generis

248 3301 404 3348 similia
434 3302 710 3359 suppeditant
740 3302 874 3347 lexica
903 3304 1025 3347 haec:
1059 3303 1210 3347 lustin
1243 3305 1283 3356 2,
1315 3305 1366 3346 3:
1406 3302 1589 3357 Scythae
1620 3304 1825 3359 perpetuo
1856 3302 1909 3344 ab
1940 3302 2075 3345 alieno
2106 3302 2281 3358 imperio
2312 3304 2387 3345 aut
2418 3299 2571 3345 intacti
2598 3299 2681 3345 aut
