2887 3652
1422 165 1490 226 μ20

361 300 406 344 C.
449 300 621 350 Matii,
661 300 712 343 de
758 312 842 354 quo
878 299 1040 343 Teuffel
1071 302 1177 353 205,
1220 304 1246 344 5
1277 305 1476 345 accurate
1506 302 1720 359 exposuit,
1762 303 1941 359 epistola
1975 302 2040 353 ll,
2079 304 2133 346 27
2164 316 2268 360 pure
2299 308 2427 360 atque
2457 305 2682 360 eleganter.

245 358 485 412 conscripta
515 360 592 399 est.
653 357 779 400 Solus
809 361 955 400 tamen
984 359 1127 412 paullo
1172 359 1393 401 audaciore
1422 361 1672 415 metaphora
1701 361 1887 403 aetatem
1917 360 2338 416 praecipitatam
2371 362 2487 405 dixit.
2520 361 2676 416 ..Quod

243 415 268 470 g
298 416 326 458 3
357 414 484 457 dixit:
523 413 673 469 Neque
710 415 823 458 enim
861 413 1086 458 Caesarem
1122 416 1175 458 in
1210 415 1559 460 dissensione
1590 416 1741 460 civili
1770 429 1865 460 sum
1895 418 2080 467 secutus,
2112 417 2263 460 etsiei
2284 421 2391 462 'cum
2420 419 2669 474 aequalibus

242 483 467 516 commune
505 474 583 523 est,
621 474 769 516 tamen
810 472 916 516 duos
958 485 984 515 a
1025 472 1245 516 Forcellin.
1288 473 1465 518 omissos
1510 474 1624 518 locos
1669 473 1821 518 addere
1857 473 1980 518 libet:
2019 472 2137 518 Caes.
2181 475 2221 518 b.
2253 487 2288 519 c.
2323 477 2360 528 1,
2391 476 2446 520 67
2485 475 2530 520 111
2561 475 2673 520 civili

242 530 501 573 dissensione
543 532 588 572 et
619 528 728 573 Cael.
761 542 826 586 ep.
858 531 897 580 8,
944 531 1010 581 14,
1051 532 1077 571 3
1113 531 1157 572 in
1197 531 1455 574 dissensione
1497 532 1740 575 domestica.
1802 532 1865 575 De
1909 531 2156 575 soloecismo
2195 545 2292 584 ,non
2331 546 2488 583 vereor,
2526 547 2579 577 ne
2614 557 2670 562 —

241 588 426 630 valitura
456 587 539 637 sit‘,
572 599 699 641 supra
730 588 890 630 mentio
926 587 1041 631 facta
1071 592 1150 630 est.

358 645 484 688 Libro
530 644 778 688 duodecimo
814 645 1088 688 continentur
1128 646 1235 688 duae
1275 646 1477 701 epistolae
1520 646 1564 690 C.
1605 646 1750 698 Cassii,
1794 659 1877 690 una
1916 646 1960 689 L.
2001 646 2154 699 Cassii,
2196 647 2304 691 duae
2352 648 2542 701 Lentuli,
2584 661 2668 692 nna

243 703 452 746 Trebonii.
498 703 640 757 Atque
671 703 712 744 in
747 703 937 758 epistolis
969 703 1013 746 C.
1043 703 1242 754 Cassii,
1281 704 1351 758 qui
1373 704 1485 746 idem
1510 706 1576 749 15.
1605 705 1657 747 19
1683 705 1944 761 conscripsit,
1972 705 2077 748 nihil
2102 708 2180 755 est,
2211 706 2325 760 quod
2348 706 2402 749 ab
2427 707 2671 763 aequalium

242 773 434 803 sermone
466 760 688 814 discrepet.
750 759 906 803 Contra
939 761 981 802 in
1013 761 1192 815 epistola
1222 762 1348 803 tertia
1379 761 1555 811 decima,
1596 775 1724 816 quam
1754 763 1919 805 Krause
1952 765 1994 804 et
2026 761 2289 815 Wesenberg
2319 776 2403 805 non
2435 763 2548 813 Caio,
2595 764 2669 806 sed

241 817 372 860 Lucio
404 816 549 860 Cassio
580 817 835 869 attribuunt,
867 818 1100 873 compluria
1130 817 1174 861 id
1206 831 1337 873 genus
1375 819 1659 863 inveniuntur.
1721 819 1805 870 Eis,
1850 831 1957 875 quae
1998 831 2126 875 supra
2168 821 2492 865 commemoravi
2523 818 2668 877 (digne

241 889 303 925 ac,
335 876 413 917 tibi
443 874 584 927 vacat)
616 875 725 917 addo
747 875 769 928 ξ
790 877 815 916 2
838 889 920 917 11011
945 876 1190 926 minimum,
1223 889 1352 931 qnam
1373 871 1582 930 λιτότητα
1621 877 1831 933 Nepotem
1864 877 2153 932 frequentasse
2179 880 2361 927 constat,
2392 879 2448 921 ib.
2480 879 2667 935 proxime

240 933 318 975 hos
349 933 435 974 cari
467 930 744 987 (quamquam
776 931 859 975 Cic.
891 933 980 988 ipse
1012 933 1119 975 dixit
1150 933 1200 975 de
1232 933 1310 976 Off.
1337 936 1374 983 3,
1409 935 1432 975 ‘7
1468 935 1653 988 proxime
1685 938 1828 977 autem
1859 938 1902 977 et
1927 935 2160 978 secundum
2188 934 2321 988 deos),
2355 935 2378 988 ἓ
2412 938 2440 978 4
2465 939 2668 990 quattuor

241 990 426 1033 millium
459 990 694 1044 equitatum
727 1008 781 1026 =
815 992 1019 1045 quattuor
1047 990 1179 1033 millia
1210 991 1413 1046 equitum.

356 1048 574 1089 Lentuli
617 1060 852 1090 sermonem
890 1049 944 1090 ab
987 1047 1143 1090 Orellio
1184 1049 1471 1104 vituperatum
1515 1061 1604 1092 esse
1647 1062 1772 1105 supra
1818 1050 2107 1093 indicavimus.
2167 1049 2274 1093 Mihi
2313 1050 2483 1105 quidem
2514 1051 2663 1102 multa,

239 1119 348 1160 quae
378 1120 462 1147 non
494 1106 596 1147 satis
628 1109 741 1148 recte
773 1106 885 1148 dicta
917 1110 1030 1154 sunt,
1061 1107 1187 1159 culpa
1217 1107 1485 1148 librariorum
1516 1111 1607 1149 orta
1640 1120 1730 1149 esse
1751 1108 1959 1149 videntur.
2004 1107 2191 1159 Quorum
2211 1109 2415 1150 nonnulla
2435 1120 2460 1149 a
2486 1108 2664 1150 Wesen-

238 1163 383 1216 bergio
425 1162 650 1205 emendata
682 1166 794 1213 sunt,
826 1163 900 1205 cfr.
937 1164 1001 1211 12,
1038 1164 1102 1211 15,
1135 1162 1158 1216 ξ
1193 1164 1212 1205 1
1249 1166 1292 1206 et
1322 1162 1346 1215 ξ
1377 1165 1416 1205 6.
1478 1164 1636 1206 Locum
1667 1164 1940 1219 desperatum
1970 1163 1993 1217 ξ
2025 1167 2052 1206 4
2081 1164 2266 1218 Madvig.
2297 1165 2471 1207 Advers.
2495 1165 2586 1207 crit.
2610 1165 2665 1214 ΙΙ,

237 1221 322 1262 234
355 1232 503 1262 sanare
536 1220 701 1262 studuit
731 1221 862 1262 haec
892 1220 933 1262 in
966 1232 1041 1264 ac.
1085 1223 1334 1274 gerentes
1364 1221 1406 1262 in
1439 1224 1654 1275 gerunt,
1693 1223 1882 1264 nostra
1920 1233 1977 1264 ex
2017 1223 2167 1277 parte
2208 1221 2252 1264 in
2292 1233 2384 1265 nos
2425 1222 2667 1278 accipere

237 1280 395 1332 portu
425 1278 671 1320 mutando*
694 1302 749 1306 —
771 1278 887 1330 Quae
919 1279 962 1320 in
993 1292 1056 1333 ep.
1091 1279 1144 1319 14
1165 1278 1437 1320 inveniuntur
1466 1279 1699 1322 locutiones
1730 1280 1987 1334 reliquias
2026 1279 2280 1334 colligere
2321 1283 2364 1322 et
2408 1280 2501 1322 rel.
2534 1293 2667 1322 con·

239 1336 388 1390 sequi
409 1334 465 1395 (g
501 1336 520 1377 1
557 1338 618 1385 ‚ut
648 1336 846 1390 reliquias
877 1337 961 1378 mei
991 1336 1146 1378 laboris
1177 1336 1443 1389 colligerem‘,
1477 1336 1500 1389 ξ
1534 1339 1559 1379 5
1591 1338 1851 1391 ,priusquam
1880 1337 2079 1391 reliquias
2119 1349 2237 1379 meae
2278 1337 2521 1390 diligentiae
2568 1350 2667 1379 con-

238 1394 424 1447 sequar‘)
456 1406 481 1434 a
512 1392 734 1435 Forcellini
766 1396 809 1436 et
840 1393 1026 1447 Georges
1058 1394 1236 1436 omissae
1274 1397 1386 1435 sunt.
1449 1393 1571 1436 Solus
1610 1394 1814 1436 Lentulus
1857 1394 2071 1447 negotia
2116 1393 2343 1436 efficere
2390 1406 2464 1449 pro
2507 1395 2665 1436 usitato
2728 1436 2731 1438 ,

239 1451 423 1504 ,negotia
453 1452 673 1492 facessere‘
704 1451 857 1493 dixisse
888 1451 1055 1493 videtur
1087 1449 1231 1504 (quem
1271 1451 1411 1493 locum
1450 1450 1634 1505 Georges
1677 1450 1993 1506 praetermisit).

354 1507 417 1549 De
459 1508 711 1550 Trebonio
755 1508 829 1550 cfr.
873 1521 944 1553 ea.
977 1522 1083 1562 quae
1116 1508 1278 1550 Teuffel
1319 1508 1416 1557 209,
1460 1510 1486 1550 9
1517 1508 1761 1563 disputavit.
1822 1508 1924 1550 Eius
1955 1508 2134 1563 epistola
2164 1521 2247 1550 non
2279 1509 2539 1561 ineleganter
2569 1521 2664 1550 con-

238 1564 397 1619 scripta
434 1565 477 1607 111
518 1578 598 1607 11811
639 1566 863 1609 verborum
894 1578 942 1608 eo
973 1565 1134 1614 differt,
1168 1565 1277 1620 quod
1311 1566 1424 1608 solus
1456 1566 1561 1608 dixit
1592 1565 1614 1619 ξ
1648 1567 1667 1607 1
1702 1566 1787 1608 noli
1832 1568 1981 1620 putare
2025 1578 2092 1608 me
2123 1566 2223 1608 hoc
2264 1565 2506 1608 auribus
2547 1566 2664 1608 tuis

238 1621 368 1665 dare
400 1621 484 1678 (ap.
517 1622 635 1666 Caes.
668 1624 706 1665 b.
740 1636 774 1666 c.
808 1625 848 1674 2,
880 1623 934 1666 27
967 1623 1151 1673 ,auribus
1183 1622 1350 1666 servire‘
1382 1621 1554 1677 exstat),
1600 1623 1711 1678 quod
1742 1621 1766 1676 ξ
1798 1624 1823 1664 2
1855 1623 2021 1679 pleno
2065 1622 2246 1677 gradu
2277 1636 2301 1665 a
2330 1635 2375 1665 re
2405 1622 2579 1665 militari
2611 1622 2664 1666 ad

238 1680 379 1723 studia
400 1681 641 1723 litterarum
661 1682 917 1732 transduxit,
949 1681 1169 1736 §3prisco
1199 1681 1325 1724 verbo
1347 1681 1735 1724 concinnandi
1765 1693 1868 1724 usus
1886 1684 1963 1731 est,
1996 1681 2175 1735 denique
2205 1681 2480 1735 pusillum
2510 1681 2662 1723 laxa·

236 1738 414 1780 menti
446 1738 563 1789 dixit,
603 1739 714 1794 quod
747 1738 906 1782 Seneca
935 1740 1079 1782 rhetor
1107 1740 1151 1781 in
1182 1752 1308 1781 usum
1339 1751 1462 1781 81111111
1494 1740 1713 1781 convertit.
2263 1782 2266 1786 ,

352 1795 479 1837 Libro
523 1797 670 1851 quinto
711 1796 875 1840 decimo
905 1800 1074 1852 praeter
1105 1795 1149 1839 C.
1183 1795 1315 1839 Cassii
1345 1797 1523 1846 litteras,
1556 1809 1735 1850 quarum
1767 1809 1891 1850 supra
1925 1796 2182 1839 mentionem
2212 1795 2403 1845 fecimus,
2447 1796 2661 1850 perbrevis

235 1853 414 1909 epistola
455 1853 512 1896 M.
555 1853 728 1898 Catonis
759 1854 1014 1898 continetur.
1086 1854 1136 1897 In
1167 1854 1287 1897 cuius
1317 1853 1523 1910 principio
1555 1853 1828 1908 singulariter
1869 1853 2032 1897 dictum
2063 1855 2149 1896 est:
2204 1855 2252 1895 ut
2298 1856 2448 1896 tuam
2478 1852 2663 1895 virtu-

235 1914 369 1960 tem,
422 1911 840 1963 innocentiam,
891 1913 1263 1965 diligentiam
1316 1935 1369 1940 —
1427 1912 1517 1966 pari
1569 1911 1775 1953 industria
1827 1911 2232 1953 administrari
2275 1910 2507 1963 gaudeam,
2550 1910 2663 1964 quod

235 1967 417 2010 Orellius
459 1969 781 2025 interpretatur:
823 1983 848 2013 a
889 1973 932 2013 te
973 1969 1174 2018 adhiberi,
1214 1968 1423 2011 collocari.
1486 1969 1649 2011 Deinde
1679 1967 1702 2021 ξ
1734 1968 1760 2009 2
1792 1967 2091 2022 gratulari
2135 1967 2367 2010 secundum
2407 1967 2662 2010 vetustiores

234 2026 473 2081 scriptores.
514 2031 564 2070 ut
603 2028 798 2078 Ennium,
841 2027 1114 2075 Terentium,
1154 2027 1265 2068 idem
1307 2030 1372 2068 est
1409 2029 1536 2081 atque
1569 2026 1741 2080 ,gratias
1766 2027 1915 2080 agere‘.
1975 2024 2096 2077 Quod
2122 2027 2265 2067 autem
2303 2024 2460 2067 ibidem
2501 2024 2663 2079 suppli-

232 2084 442 2126 cationem
469 2085 744 2140 triumphi
775 2100 802 2141 p
816 2085 1218 2138 raerogativam
1243 2084 1360 2133 dixit,
1381 2096 1405 2125 a
1428 2082 1626 2126 Cicerone
1647 2084 1738 2138 ipso
1759 2083 1866 2125 illud
1886 2083 2062 2126 verbum
2082 2082 2288 2124 translate
2310 2084 2563 2137 usurpatum
2581 2086 2660 2124 est.

347 2141 397 2183 In
429 2143 608 2197 epistola
640 2142 935 2185 Ciceronis
966 2142 1088 2184 filii
1123 2142 1189 2191 16,
1222 2140 1274 2183 21
1309 2144 1478 2196 praeter
1501 2154 1562 2189 ea,
1595 2153 1701 2195 quae
1734 2153 1861 2195 supra
1892 2139 2325 2189 commemoravimus,
2366 2139 2503 2181 multa
2547 2143 2661 2188 sunt,

226 2214 339 2258 quae
371 2201 424 2244 ab
456 2201 697 2256 aequalium
728 2212 921 2243 sermone
953 2200 1204 2255 discrepent.
1257 2197 1369 2240 Nam
1400 2198 1597 2253 primum,
1630 2197 1822 2253 quamvis
1844 2197 1955 2253 apud
1982 2196 2228 2241 Ciceronem
2247 2196 2388 2251 ipsum
2412 2194 2484 2251 (de
2505 2195 2596 2239 Fin.
2623 2197 2660 2246 1,

232 2258 307 2314 18)
351 2259 631 2312 ,intercapedo
673 2258 907 2300 molestiae‘
949 2256 1198 2312 reperiatur,
1240 2259 1382 2297 tamen
1422 2268 1547 2297 nemo
1596 2255 2093 2310 intercapedinem
2138 2254 2315 2296 alicuius
2363 2254 2423 2296 rei
2466 2253 2489 2295 f
2495 2265 2662 2295 acere

233 2317 351 2359 dixit.
413 2316 510 2359 Jam
543 2328 639 2357 vero
671 2315 694 2368 ἓ
726 2318 751 2357 2
797 2315 1144 2357 buccinator
1181 2313 1501 2378 existimationis
1542 2313 1656 2378 solus
1696 2312 1745 2362 is,
1788 2312 1862 2377 qui
1902 2312 1981 2354 has
2010 2312 2178 2376 litteras
2208 2311 2408 2360 exaravit,
2429 2311 2660 2376 ’translate

230 2376 486 2485 119111
519 2369 1784 2483 3233?anfg‘iffil'ulfflaanff{‡5.¹211¹,⁸.1„5¹⁵{¹..?⁹.¹¹.,{
1806 2368 2051 2470 (ἐΐὲεῗῗῖῗ
2061 2382 2136 2469 11¹8
2138 2381 2259 2469 {2⁰30
2273 2366 2503 2481 3333333·
2525 2367 2662 2468 3513:

230 2490 340 2532 tium
371 2490 543 2531 demum
568 2491 611 2531 et
642 2491 869 2541 argenteae
890 2487 1047 2529 aetatis
1070 2486 1296 2543 scriptores
1326 2486 1549 2527 invenitur.
1609 2485 1802 2539 Denique
1823 2483 1846 2538 ἓ
1868 2486 1895 2526 6
1926 2484 2312 2539 suspicionem
2342 2484 2662 2537 importare

230 2560 306 2602 pro
337 2547 509 2589 usitatis
541 2545 807 2588 contionibus
838 2557 953 2598 susp.
983 2555 1152 2585 movere
1183 2540 1322 2595 (Cic),
1353 2542 1505 2584 inferre
1537 2541 1729 2596 (Caesar)
1761 2542 1950 2597 positum
1980 2543 2058 2583 est.

346 2603 567 2647 Postremo
598 2603 709 2659 quod
753 2603 796 2645 in
828 2615 892 2658 ep.
925 2600 1073 2654 Quinti
1112 2598 1322 2643 Ciceronis
1364 2601 1428 2650 16,
1471 2600 1527 2642 26
1568 2600 1799 2653 lagenas
1843 2598 2138 2642 exsiccare
2181 2599 2333 2647 exstat,
2378 2597 2508 2640 etiam
2547 2596 2662 2652 apud

230 2662 462 2704 Horatium
494 2666 537 2703 et
567 2660 770 2704 Senecam
800 2660 1025 2702 invenitur.

347 2719 410 2761 De
449 2719 508 2761 eis
550 2718 717 2768 litteris,
759 2730 867 2771 quae
907 2716 1119 2759 volumine
1163 2714 1438 2769 epistolarum
1481 2715 1533 2756 ad
1566 2715 1760 2757 Atticum
1791 2714 1991 2756 datarum
2021 2713 2305 2763 continentur,
2347 2712 2528 2754 breviori
2557 2711 2662 2753 mihi

231 2789 322 2820 esse
352 2776 477 2826 licet,
520 2775 728 2831 siquidem
759 2787 919 2831 paucae
951 2774 1146 2828 interque
1178 2783 1250 2814 eas
1289 2771 1514 2814 nonnullae
1555 2771 1784 2814 admodum
1813 2771 1961 2814 breves
1992 2772 2106 2814 sunt.
2152 2771 2295 2826 Atque
2323 2769 2367 2812 in
2397 2767 2588 2813 Caesaris
2619 2770 2662 2810 et

230 2834 423 2891 Pompeii
465 2834 657 2891 epistolis
699 2832 771 2888 (ad
803 2835 895 2877 Att.
937 2833 976 2883 8,
1023 2832 1071 2874 ll
1108 2832 1146 2873 A
1189 2832 1232 2873 et
1263 2828 1308 2880 C,
1352 2830 1418 2880 12,
1460 2831 1511 2881 A,
1556 2829 1605 2880 B,
1645 2828 1691 2879 C,
1732 2829 1788 2882 D)
1819 2828 1925 2872 nihil
1953 2840 2126 2885 prorsus
2157 2829 2234 2880 est,
2273 2826 2384 2884 quod
2415 2840 2440 2871 a
2470 2838 2661 2871 sermone

230 2892 447 2937 Ciceronis
486 2893 666 2943 differat,
709 2892 820 2946 quod
858 2890 971 2933 idem
1011 2889 1063 2932 de
1094 2887 1284 2937 Antonii,
1328 2887 1452 2930 Mutii
1493 2890 1536 2930 et
1566 2887 1768 2937 Trebatii,
1799 2886 1924 2930 Balbi
1961 2886 2150 2942 epistolis
2183 2886 2350 2930 videtur
2388 2883 2663 2929 statuendum

231 2963 341 2994 esse.
402 2950 513 2993 Nam
544 2950 655 3005 quod
699 2951 738 3001 8,
781 2950 847 2996 16,
888 2950 939 2991 A.
987 2948 1005 2989 1
1054 2947 1214 2990 Balbus
1262 2945 1442 3000 ,suscipe
1483 2957 1629 2987 curam
1668 2947 1712 2987 et
1758 2943 2072 2998 cogitationem‘
2109 2943 2235 2995 dixit,
2288 2956 2383 2987 cum
2425 2944 2662 2986 ceterorum

234 3021 427 3051 sermone
473 3008 706 3056 consentit,
748 3006 958 3062 siquidem
995 3005 1037 3047 in
1070 3003 1114 3047 C.
1148 3002 1283 3047 Cassii
1315 3014 1379 3058 ep.
1413 3003 1480 3052 12,
1520 3002 1586 3052 12,
1622 3003 1642 3044 1
1677 3003 1837 3044 exstat:
1869 3013 2039 3056 gravem
2069 3014 2216 3045 curam
2245 3000 2493 3057 suscepisse,
2523 3000 2566 3065 in
2597 3009 2660 3063 ep.

234 3064 429 3109 Caesaris
460 3066 512 3109 ad
544 3067 635 3109 Att.
668 3067 707 3116 9,
740 3065 779 3115 8,
810 3063 856 3108 C.
890 3064 910 3105 1
947 3063 997 3105 de
1022 3062 1090 3105 his
1121 3062 1248 3104 rebus
1280 3072 1384 3114 1080
1415 3071 1501 3109 vos,
1532 3062 1582 3102 ut
1612 3059 1914 3114 cogitationem
1940 3059 2193 3116 suscipiatis,
2223 3058 2268 3102 in
2288 3057 2500 3102 Ciceronis
2528 3066 2662 3112 ipsius

229 3136 298 3178 ep.
321 3122 374 3165 ad
407 3125 497 3166 Att.
534 3125 599 3172 14,
632 3125 701 3171 20,
734 3124 760 3164 4
791 3121 972 3176 quaeris,
1005 3123 1055 3162 ut
1087 3119 1318 3174 suscipiam
1350 3117 1662 3170 cogitationem,
1693 3117 1896 3171 quidnam
1924 3117 2018 3159 istis
2047 3116 2259 3171 agendum
2288 3118 2449 3172 putem.

325 3248 341 3266 *
368 3246 471 3292 Quod
496 3257 606 3293 supra
631 3245 748 3292 omisi,
766 3245 800 3281 h.
819 3245 841 3281 l.
861 3254 1099 3282 commemoro
1125 3242 1163 3278 in
1180 3253 1235 3288 ep.
1256 3240 1399 3278 Lentuli
1425 3240 1469 3277 ad
1495 3242 1659 3277 senatum
1682 3240 1764 3277 data
1788 3242 1957 3287 quattuor
1979 3239 2104 3286 plenas
2127 3240 2258 3277 formas
2281 3239 2470 3277 verborum
2494 3232 2664 3272 inveniri.

1305 3371 1338 3380 »κ
1348 3372 1377 3379 -κ
1384 3369 1522 3379 v-vxaeam
1533 3369 1584 3378 fv»
1598 3369 1626 3379 x-
1635 3370 1649 3378 x.
1660 3372 1670 3378 ,ι
1680 3370 1708 3378 ,1.
1720 3373 1726 3377 »
