2887 3652
1431 242 1455 285 7

231 379 481 438 Simplicius
509 378 650 422 Halm.
681 378 735 421 ad
764 376 850 439 Cic.
881 392 921 436 p.
953 378 1075 422 Rosc.
1107 380 1203 423 Am.
1233 379 1262 432 ξ
1285 379 1360 423 83:
1391 381 1436 424 et
1462 381 1503 424 id
1535 380 1616 424 erit
1645 380 1756 436 signi
1781 393 1852 425 me
1881 381 2061 428 inritum
2091 380 2228 425 facere
2258 382 2372 433 dicit»
2389 384 2645 439 genetivum,

241 438 431 542 {22⁰¹}ss
452 437 858 550 1P¹i⁰5⁶³5¹i¹33¹¹312⁸23l
876 449 963 539 ἕέῗ
991 438 2646 553 itlffi‘ioefiquuinghssn„225³{0503232est¹issffos⁰2¹liffissffiffiffii

339 529 349 538 .
408 527 419 547 ,
480 525 491 547 ,
1110 528 1120 538 .
1326 528 1362 539 .,
1944 530 1947 535 ,
2267 529 2274 544 ,

242 557 425 612 putasse,
463 565 514 596 ex
543 552 691 596 eadem
721 553 910 596 oratione
938 494 963 606 ἐ
993 553 1046 595 91
1079 553 1160 596 hoc
1190 553 1398 596 commodi
1435 557 1499 597 est
1538 556 1584 597 et
1612 552 1636 606 ξ
1670 554 1751 596 147
1789 567 1867 597 nec
1905 554 2137 609 quidquam
2177 555 2262 597 iam
2300 512 2455 606 hsbgre
2493 556 2643 614 reliq‘ui

239 611 366 656 vides.
427 608 571 663 Quid?
600 609 714 665 quod
744 610 940 665 dignus
970 622 1068 653 cum
1097 611 1291 665 genetivo
1320 610 1590 657 coniunctum
1621 611 1832 655 invenitur
1854 612 1898 655 in
1919 611 2243 668 epistola-Balbi
2263 612 2318 656 ad
2335 614 2427 656 Att.
2450 615 2490 666 8,
2513 615 2642 659 15.’Δ;

241 669 424 718 Obsecro
454 670 511 720 te,
541 666 699 719 Cicero,
745 668 910 724 suscipe
950 679 1096 712 curam
1135 670 1181 711 et
1226 668 1524 724 cogitationem
1554 667 1845 724 dignissimam
1883 672 1983 714 tuae
2021 669 2205 721 virtutis,
2246 670 2298 714 ad
2339 682 2465 725 quem
2505 672 2642 717 locum

239 726 420 770 Orellius
449 725 646 770 adnotat:
676 726 811 769 Nemo
841 726 922 768 hoc
949 738 1078 769 ausus
1107 728 1175 770 est
1203 726 1439 769 immutare.

338 783 872 828 Accusativilicenter
899 784 1095 839 usurpati
1122 796 1241 827 exem
1269 784 1313 827 la
1341 785 1444 827 haec
1472 784 1560 829 fere
1589 786 1710 828 sunt:
1741 785 1791 827 In
1820 786 1999 841 epistola
2027 783 2156 830 Caelii
2188 787 2227 837 8,
2259 786 2299 837 9,
2333 787 2352 827 1
2388 790 2478 836 est:
2508 788 2641 842 civem

235 844 392 888 bonum
419 841 544 893 ludit,
580 853 663 898 quo
693 842 786 887 loco
815 854 919 886 usus
948 843 1014 886 est
1042 840 1209 898 Zumpt.
1296 841 1380 886 383
1410 843 1581 887 auctore
1611 855 1696 886 non
1725 845 2063 895 commemorato,
2094 845 2144 887 ut
2172 843 2486 890 demonstraret
2516 846 2642 897 verba

235 900 502 946 intransitiva
530 901 743 944 interdum
774 900 1093 944 transitivorum
1122 901 1212 944 vice
1241 900 1373 956 fungi.
1442 900 1559 946 Idem
1599 899 1766 945 Caelius
1802 901 2104 947 Terentianum
2140 901 2244 946 illud
2286 900 2438 960 (Andr.
2465 905 2511 956 5,
2540 905 2582 955 5,
2614 904 2641 948 8

235 959 347 1003 Nam
375 959 497 1003 hunc*
519 959 605 1003 scio
635 971 730 1002 mea
759 959 890 1002 solide
919 959 1057 1002 solum
1087 959 1332 1014 gavisurum
1361 959 1533 1012 gaudia)
1561 959 1754 1002 imitatus
1785 971 1875 1002 esse
1905 960 2071 1004 videtur
2101 961 2140 1011 8,
2171 961 2211 1012 2,
2235 961 2257 1002 1
2291 961 2415 1012 Ριιιο,
2446 964 2495 1005 ιιι
2516 974 2639 1006 suum

235 1017 436 1074 gaudium
466 1016 757 1072 gauderemus.
823 1015 984 1060 Eodem
1027 1015 1269 1060 referendos
1312 1028 1404 1060 esse
1448 1016 1630 1060 arbitror
1674 1016 1780 1060 duos
1825 1018 2010 1061 eiusdem
2056 1018 2275 1074 scriptoris
2320 1018 2446 1071 locos,
2488 1020 2641 1075 quibus

235 1075 501 1120 accusativus
530 1074 716 1119 adverbii
753 1075 890 1118 instar
928 1074 1093 1130 positus
1123 1076 1189 1118 est
1219 1074 1259 1126 8,
1291 1074 1359 1125 16,
1393 1075 1413 1117 1
1457 1077 1500 1118 te
1537 1074 1644 1118 nihil
1683 1075 1764 1118 nisi
1801 1076 1923 1119 triste
1966 1075 2154 1131 cogitare
2193 1076 2420 1126 ostendisti
2454 1080 2500 1129 et
2537 1078 2637 1129 ibid.

178 1177 181 1180 ,
234 1133 339 1177 nihil
366 1132 450 1176 nisi
478 1134 599 1176 atrox
628 1133 673 1175 et
702 1144 876 1176 saevum
904 1132 1066 1187 cogitat
1094 1133 1222 1187 atque
1245 1131 1375 1176 etiam
1395 1132 1595 1187 loquitur,
1626 1132 1679 1175 de
1709 1145 1793 1187 quo
1814 1144 1964 1188 genere
1983 1133 2181 1189 loquendi
2200 1132 2428 1188 diligenter
2445 1136 2639 1191 exposuit

234 1190 456 1235 Stinnerus
478 1203 520 1247 p.
540 1191 608 1241 58.
659 1190 939 1234 Accusativus
971 1189 1111 1245 spatii,
1142 1189 1215 1244 qui
1242 1189 1410 1240 dicitur,
1439 1189 1652 1234 invenitur
1678 1190 1724 1233 in
1754 1190 1931 1246 epistola
1957 1189 2001 1233 C.
2023 1191 2158 1235 Asinii
2186 1189 2389 1240 Pollionis
2421 1192 2498 1243 10,,
2513 1192 2587 1244 ,3,1,
2600 1194 2640 1245 ,6

233 1247 409 1292 Nullum
429 1248 543 1292 enim
571 1247 797 1302 vestigium
820 1247 896 1291 abs
914 1249 961 1290 te
980 1247 1243 1291 discessurus
1263 1259 1370 1290 sum.
1418 1247 1696 1291 Accusativus
1716 1248 1907 1303 sequitur
1929 1262 1970 1304 ,p
1983 1261 2036 1292 os
2047 1248 2156 1292 trid
2168 1248 2227 1293 ie‘
2248 1249 2295 1292 iu
2307 1243 2442 1292 Caelii
2457 1250 2642 1305 epistola

233 1307 272 1357 8,
291 1307 344 1357 2,
373 1306 399 1348 -1
431 1305 635 1363 postridie
664 1305 754 1348 eius
783 1305 1092 1348 absolutionem
1122 1302 1336 1359 (similiter
1371 1305 1499 1347 etiam
1536 1303 1683 1348 Cicero
1723 1305 1940 1361 ,postridie
1969 1305 2101 1349 ludos’
2139 1303 2277 1361 dixit).
2324 1305 2527 1355 ,Verbum
2556 1320 2641 1352 an-

232 1365 283 1408 te
293 1363 457 1408 ceden
470 1363 521 1406 di
559 1364 729 1420 praeter
767 1362 1057 1406 accusativum
1098 1361 1331 1406 ablativum
1369 1374 1589 1406 mensurae
1629 1362 1879 1406 adiunctum
1915 1359 2244 1416 habet'11,.13,
2273 1364 2302 1407 2
2331 1360 2404 1419 (D.
2435 1363 2638 1420 ,Βι-ιιιιιι);

232 1421 369 1465 Biduo
398 1433 467 1465 me
496 1421 709 1464 Antonius
738 1420 978 1464 antecessit.
1038 1420 1227 1463 Verbum
1267 1420 1397 1476 desp
1411 1420 1604 1464 eraudi.
1634 1432 1734 1464 cum
1763 1421 2002 1468 accusativo
2040 1421 2224 1465 nominis
2261 1422 2539 1472 coniunctum
2572 1423 2639 1472 in·

231 1479 400 1522 venitur
430 1479 496 1530 12,
530 1479 597 1530 14,
628 1479 678 1521 2:
708 1477 864 1521 Rhodii
892 1489 969 1520 nos
999 1478 1043 1521 et
1071 1490 1163 1521 rem
1191 1477 1404 1533 publicam
1433 1490 1559 1532 quam
1589 1477 1713 1522 valde
1735 1477 2059 1534 desperaverint.
2118 1478 2238 1523 Idem
2257 1481 2413 1530 ⁴tamen
2430 1479 2638 1535 Lentulus

233 1536 464 1580 secundum
493 1536 752 1592 optimorum
784 1536 1039 1590 scriptorum
1067 1545 1230 1578 morem
1259 1536 1427 1592 scripsit
1459 1536 1525 1587 12,
1559 1535 1627 1587 15,
1658 1536 1706 1578 3:
1737 1536 1773 1579 si
1803 1535 2068 1592 desperasset
2107 1536 2160 1579 de
2189 1535 2313 1592 Syria
2341 1538 2637 1593 Aegyptoque.

230 1593 496 1638 Praeterieris
525 1605 807 1637 commemoro
837 1592 1059 1636 Vatinium
1088 1592 1144 1644 V,
1171 1593 1238 1644 10,
1271 1593 1293 1635 1
1326 1605 1350 1636 e
1378 1605 1494 1637 more
1523 1593 1758 1649 priscorum
1788 1593 2043 1650 scriptorum
2071 1593 2248 1637 dixisse:
2276 1595 2438 1650 Apage
2467 1598 2510 1639 te
2541 1608 2638 1639 cum

229 1654 376 1696 nostro
406 1651 533 1695 Sexto
555 1650 741 1695 Servilio.
789 1649 895 1694 Cum
924 1650 1080 1706 duplici
1111 1651 1350 1694 accusativo
1378 1663 1463 1695 non
1493 1651 1631 1694 solum
1660 1653 1791 1708 puto
1824 1648 1911 1706 (lo,
1941 1652 1982 1702 4,
2012 1649 2058 1705 4)
2090 1653 2135 1695 et
2164 1664 2326 1708 posco
2357 1650 2446 1707 (lo,
2477 1653 2548 1705 82,
2576 1643 2637 1708 5),

231 1709 304 1754 sed
333 1710 464 1754 etiam
492 1721 717 1753 veneror
746 1708 1019 1753 coniunctum
1049 1710 1116 1752 est
1144 1721 1171 1752 a
1199 1707 1378 1753 Caecina
1407 1708 1448 1760 6,
1478 1709 1518 1768 7,
1544 1709 1592 1752 2:
1624 1709 1697 1764 qui
1725 1709 1863 1753 multa
1892 1709 1994 1753 deos
2021 1710 2209 1754 venerati
2237 1712 2342 1754 sunt
2371 1712 2520 1755 contra
2546 1707 2638 1762 eius

231 1769 425 1812 salutem.
485 1767 627 1821 Quid?
658 1767 771 1823 quod
800 1766 965 1810 Caelius
995 1767 1035 1818 8,
1070 1768 1106 1818 1,
1138 1767 1166 1809 4
1195 1767 1324 1811 dixit:
1369 1766 1441 1820 qui
1482 1773 1529 1810 se
1556 1766 1828 1814 intenderant
1858 1767 2118 1811 adversarios
2154 1768 2199 1812 in
2236 1768 2328 1812 eius
2357 1768 2636 1819 tribunatum.

229 1825 370 1869 Verba
397 1837 495 1869 vero
525 1824 919 1869 transducendi
949 1826 994 1867 et
1022 1823 1318 1868 traiciendi
1348 1824 1398 1875 ei,
1431 1824 1502 1878 qui
1531 1824 1610 1868 has
1639 1824 1841 1880 epistolas
1870 1822 2142 1880 scripserunt,
2164 1838 2258 1868 >non
2282 1826 2638 1876 solumsimiliter

229 1885 357 1939 atque
386 1883 458 1927 alii
487 1883 676 1927 eiusdem
706 1882 858 1926 aetatis
889 1883 1082 1926 auctores
1125 1883 1397 1938 usurparunt,
1442 1884 1492 1925 ut
1519 1881 1705 1926 Plancus
1737 1883 1804 1934 10,
1845 1883 1914 1933 21,
1954 1884 2000 1925 2;
2044 1881 2153 1926 Cum
2189 1883 2352 1927 Isaram
2392 1883 2551 1927 flumen
2570 1903 2636 1915 ··—

229 1942 457 1986 exercitum
488 1940 820 1985 transduxissem
849 1941 894 1983 et
921 1939 1092 1983 Asinius
1121 1939 1256 1984 Pollio
1289 1940 1356 1991 10,
1387 1940 1455 1991 32,
1488 1940 1535 1982 1:
1567 1939 1728 1984 Balbus
1758 1964 1813 1972 —-
1843 1940 2012 1985 traiecit
2051 1952 2096 1984 se
2135 1941 2180 1984 in
2218 1953 2397 1996 regnum
2435 1941 2634 1997 Bogudis,

229 1999 302 2042 sed
330 1999 535 2043 inusitate
564 1999 666 2042 Dec.
700 1998 862 2041 Brutus
898 1998 1067 2041 locutus
1108 2000 1174 2041 est
1206 1998 1273 2049 11,
1312 1999 1352 2048 9,
1393 1998 1438 2040 2:
1480 1997 1516 2041 si
1546 2009 1591 2041 se
1621 1998 1753 2054 Alpes
1782 1998 1995 2042 Antonius
2025 1998 2238 2048 traiecerit
2267 2001 2312 2043 et
2343 1999 2409 2050 11,
2444 1999 2510 2050 13,
2539 2001 2568 2043 4
2591 2000 2635 2043 si

255 2069 310 2100 uo
341 2057 470 2100 etiam
501 2069 603 2100 casu
631 2056 795 2099 Isaram
825 2067 870 2098 se
901 2055 1157 2099 traiecerint.
1218 2055 1598 2099 Grammaticorum
1630 2058 1775 2099 autem
1805 2055 2040 2111 praeceptis
2069 2056 2319 2107 adversatur
2347 2056 2401 2106 id,
2438 2057 2552 2112 quod
2590 2059 2634 2100 in

285 2114 396 2158 ntuli
425 2114 604 2171 epistola
627 2114 694 2165 12,
714 2114 781 2165 15,
802 2114 829 2156 3
855 2114 940 2156 est:
970 2115 1021 2156 ut
1040 2113 1219 2169 denique
1250 2112 1401 2164 omnia,
1432 2125 1539 2168 quae
1566 2113 1748 2170 improbi
1777 2112 2007 2168 fingebant,
2038 2113 2174 2168 magis
2205 2119 2302 2158 vera
2331 2113 2633 2167 existimarent,

227 2183 356 2227 quam
385 2184 493 2227 quae
521 2184 617 2215 vere
637 2171 753 2214 facta
772 2172 893 2214 erant
923 2173 967 2213 et
996 2183 1022 2213 a
1050 2172 1207 2214 nobis
1236 2171 1582 2214 docebantur.
1633 2171 1854 2213 Postremo
1883 2171 2008 2214 liceat
2036 2171 2141 2214 mihi
2169 2171 2250 2214 hoc
2267 2171 2369 2214 -loco
2394 2183 2447 2214 ex
2544 2172 2635 2217 lum

227 2229 400 2285 figurae,
441 2229 512 2273 cui
547 2242 703 2272 nomen
743 2228 989 2284 anticipatio
1030 2228 1115 2272 sive
1165 2228 1369 2284 prolepsis
1408 2230 1500 2278 est,¹
1545 2240 1595 2272 ex
1635 2226 1765 2272 Caelii
1805 2228 1983 2283 epistola
2024 2229 2050 2270 8
2063 2261 2073 2278 ,
2122 2229 2196 2279 10,
2239 2229 2259 2271 1
2300 2228 2468 2273 afferre:
2506 2260 2509 2267 2
2550 2231 2633 2274 osti

226 2285 490 2339 Marcellum,
522 2298 649 2342 quam
673 2286 821 2330 tardus
852 2289 896 2329 et
924 2298 1074 2341 parum
1104 2285 1252 2329 efficax
1283 2286 1352 2337 sit,
1383 2285 1492 2340 quod
1522 2285 1717 2340 Krueger
1745 2283 1769 2339 ἕ
1797 2285 1895 2335 669,
1928 2286 1948 2327 l
1983 2283 2170 2328 Ciceroni
2197 2285 2408 2330 attribuit.

347 2344 604 2388 Dativum
649 2344 791 2401 paullo
836 2344 971 2400 magis
1016 2343 1231 2388 recondite
1275 2345 1403 2398 atque
1443 2342 1644 2387 inusitate
1689 2343 1910 2399 usurpavit
1952 2343 2158 2398 imprimis
2197 2342 2384 2396 Caelius,
2424 2344 2469 2388 in
2513 2345 2633 2389 cuius

226 2401 414 2459 epistolis
442 2403 548 2447 haec
576 2405 766 2446 exstant:
808 2402 847 2454 8,
879 2403 918 2454 5,
950 2403 977 2444 3
1022 2415 1150 2456 quam
1187 2401 1268 2445 hoc
1298 2400 1466 2446 Caesari
1505 2403 1689 2458 sperent,
1728 2413 1816 2444 non
1855 2404 1899 2445 te
1940 2401 2062 2452 fallit,
2093 2401 2147 2445 ad
2177 2413 2302 2456 quem
2332 2402 2475 2446 locum
2502 2402 2633 2448 Orelli

226 2461 422 2505 adnotatt
467 2473 634 2518 sperare
674 2460 801 2505 alicui
838 2462 954 2504 recte
990 2460 1158 2512 dicitur,
1199 2462 1250 2504 ut
1288 2462 1488 2511 metuere,
1529 2459 1680 2504 timere
1719 2459 1859 2511 alicui,
1900 2459 1974 2504 cfr.
2013 2459 2066 2503 ad
2096 2457 2188 2503 Att.
2222 2460 2259 2511 1,
2291 2460 2319 2503 3
2360 2473 2387 2504 a
2414 2473 2498 2517 quo
2525 2461 2633 2514 nihil

227 2530 368 2574 speres
390 2519 487 2563 boni
515 2519 791 2575 reipublicae3
825 2518 864 2569 8,
892 2518 930 2569 1,
957 2518 984 2560 4
1014 2518 1079 2562 tui
1105 2515 1267 2573 politici
1285 2518 1384 2561 libri
1403 2517 1597 2561 omnibus
1612 2517 1759 2573 vigent
1788 2520 1833 2561 et
1851 2517 1908 2560 ib.
1929 2517 2040 2572 quod
2069 2517 2239 2560 illorum
2257 2517 2390 2573 capiti
2411 2519 2481 2562 sit.
2513 2518 2632 2563 Idem

254 2576 386 2621 riscos
425 2579 572 2634 poetas
601 2574 707 2632 (cfr.
738 2575 890 2620 Holtze
920 2575 953 2627 I,
995 2573 1098 2631 312)
1135 2575 1327 2619 imitatus
1366 2575 1542 2618 verbum
1585 2575 1802 2619 dolendi
1834 2576 1872 2627 8,
1906 2576 1971 2627 14,
2004 2575 2026 2618 1
2070 2587 2168 2618 cum
2205 2574 2348 2619 dativo
2389 2571 2630 2629 coniunxit:

269 2646 457 2690 unquam
486 2635 564 2678 tibi
593 2635 705 2678 oculi
741 2634 984 2678 doluissent.
1046 2633 1203 2677 Contra
1232 2633 1471 2687 aequalium
1503 2645 1679 2685 morem,
1708 2636 1760 2677 ut
1788 2632 1965 2684 videtur,
1997 2633 2041 2675 L.
2060 2632 2229 2676 Cassius
2261 2633 2328 2684 12,
2362 2634 2429 2685 13,
2459 2635 2487 2676 2
2525 2635 2633 2678 tibi

226 2694 389 2737 vacet
417 2692 755 2749 impersonaliter
783 2692 938 2748 posuit,
977 2691 1088 2746 quod
1116 2690 1228 2747 apud
1258 2690 1491 2745 Vergilium
1528 2703 1598 2734 me
1627 2691 1766 2746 legere
1806 2691 1988 2734 memini.
2047 2690 2260 2734 Licentius
2297 2691 2428 2734 etiam
2461 2691 2631 2736 locutus

227 2748 502 2795 estCaecina
531 2751 572 2803 6,
610 2750 650 2801 7,
681 2751 707 2793 2
748 2749 784 2793 si
814 2749 895 2793 scit
930 2752 974 2794 et
1008 2761 1310 2805 persuasus
1349 2750 1453 2800 est,
1494 2748 1540 2792 in
1579 2761 1664 2804 quo
1688 2749 1820 2792 ›Auct
1858 2749 1912 2792 ad
1941 2747 2123 2792 Herenn.
2155 2747 2381 2804 praeivisse
2415 2747 2534 2801 Neue
2575 2747 2632 2801 11,

227 2807 309 2850 261
343 2808 479 2861 docet,
525 2809 597 2863 qni
633 2808 746 2851 idem
783 2808 988 2851 nonnulla
1025 2808 1214 2864 exempla
1242 2806 1429 2850 eiusdem
1465 2818 1567 2850 usus
1597 2819 1647 2850 ex
1675 2806 1836 2857 Ovidio,
1867 2805 2070 2857 Phaedro,
2099 2805 2298 2849 Petronio
2327 2807 2465 2862 petita
2495 2806 2632 2853 affert.

225 2862 490 2910 Ptaeteriens
517 2878 705 2909 memoro
736 2865 874 2908 elabi
904 2878 930 2908 a
949 2865 1106 2909 Planco
1138 2865 1204 2916 10,
1225 2865 1295 2916 23,
1316 2865 1342 2907 5
1372 2866 1416 2908 et
1444 2864 1658 2920 palpari
1688 2875 1713 2907 a
1745 2863 1789 2907 C.
1817 2863 2005 2907 Asinio
2025 2861 2213 2906 Pollione
2246 2863 2313 2915 10,
2341 2863 2472 2917 33,2,'
2499 2865 2634 2919 utab

224 2918 404 2967 Horatio
434 2923 567 2968 serm.
599 2925 639 2975 2,
672 2924 710 2975 1,
744 2924 810 2975 18,
842 2937 939 2967 cum
968 2924 1111 2968 dativo
1143 2923 1441 2967 coniuncta
1470 2934 1575 2966 esse.
2468 2970 2474 2978 ,
2544 2969 2547 2973 ,
2592 2954 2596 2958 .

338 2982 579 3027 Ablativi
615 2981 741 3039 paulo
781 2981 976 3026 licentius
1011 2981 1206 3039 usurpati
1242 2980 1480 3037 exemplum
1517 2992 1568 3023 ex
1607 2980 1753 3025 Planci
1789 2979 1967 3036 epistola
2000 2978 2066 3031 10,
2099 2979 2168 3031 23,
2199 2980 2226 3022 2
2311 2979 2465 3024 titum:
2508 2993 2636 3038 quem

225 3037 411 3084 triduo
441 3053 539 3084 cmn
568 3041 645 3084 has
675 3039 829 3083 dabam
856 3040 1036 3092 litteras,
1073 3039 1368 3094 exspectabam
1397 3037 1443 3094 (3
1475 3037 1591 3094 Tage
1626 3040 1770 3094 spater
1805 3039 1867 3081 als
1906 3037 1974 3081 ich
2004 3036 2211 3092 schreibe)
2286 3040 2432 3094 umpt.
2453 3038 2526 3085 Gr.
2557 3039 2633 3084 Lat.

224 3091 249 3148 ἓ
279 3096 364 3140 478
394 3110 420 3141 a
449 3097 649 3142 Cicerone
689 3097 928 3155 profectum
963 3097 1078 3141 dicit.
1150 3096 1234 3150 Qui
1269 3097 1381 3140 idem
1415 3097 1461 3140 in
1495 3097 1644 3141 eadem
1679 3095 1942 3152 paragrapho
1982 3094 2166 3139 alterum
2203 3096 2380 3140 ablativi
2417 3097 2636 3153 eleganter

222 3154 352 3206 ponti
381 3157 632 3213 exemplum,
664 3155 872 3210 quod‘est
899 3155 944 3197 in
973 3155 1154 3209 epistola
1183 3154 1334 3197 Planci
1364 3155 1431 3204 10,
1492 3155 1531 3206 8,
1562 3155 1609 3196 4:
1639 3154 1748 3209 Ipse,
1777 3155 1829 3195 ut
1857 3164 1992 3208 spero,-
2033 3152 2183 3203 diebus
2215 3155 2326 3206 octo,
2365 3155 2522 3208 quibus
2557 3155 2635 3198 has

223 3208 388 3255 litteras
417 3212 585 3266 dabam,
615 3226 713 3257 cum
733 3212 879 3269 Lepidi
908 3211 1040 3268 copiis
1067 3224 1137 3255 me
1156 3211 1425 3266 coniungam,
1491 3210 1645 3254 iceroni
1664 3209 1873 3254 attribuit.
1932 3209 1986 3253 In
2005 3211 2256 3256 transcursu
2289 3224 2441 3255 moneo
2471 3212 2636 3256 duobus

226 3266 314 3312 eius
330 3280 445 3315 usus
460 3271 676 3328 ‘exemplis
713 3270 870 3314 ibidem
899 3269 1040 3314 allatis
1069 3268 1187 3313 Caes.
1218 3269 1258 3312 b.
1289 3267 1339 3313 G.
1373 3269 1412 3319 1,
1442 3268 1498 3311 48
1529 3266 1703 3323 (accidit
1729 3266 1998 3323 repentinum
2026 3267 2343 3319 incommodum
2370 3269 2512 3322 biduo,
2553 3282 2635 3324 quo

223 3322 328 3368 baec
384 3329 477 3372 esta
505 3330 624 3382 sunt)
652 3330 698 3372 et
721 3327 932 3372 Ciceronis
961 3341 1002 3384 p.
1032 3326 1156 3371 Rosc.
1187 3327 1283 3369 Am.
1315 3324 1340 3380 5
1373 3326 1454 3370 105
1485 3323 1743 3380 (quatriduo,
1781 3336 1864 3379 quo
1895 3324 1932 3368 is
1963 3325 2131 3370 occisus
2159 3324 2246 3381 est)
2275 3326 2518 3371 addendum
2545 3338 2638 3377 esse

225 3390 275 3431 Qx
304 3339 448 3428 eagem
489 3386 678 3430 oratione
707 3386 890 3442 petitum
918 3385 1058 3428 locum
1087 3383 1112 3438 g
1142 3385 1198 3426 20
1227 3383 1465 3438 quatriduo,
1497 3394 1580 3436 quo
1608 3383 1714 3426 haec
1743 3384 1864 3437 gesta
1896 3383 2009 3426 sunt.
2070 3382 2107 3425 Τ
2120 3395 2194 3426 em
2206 3396 2266 3441 po
2279 3396 2330 3427 re
2359 3386 2418 3421 --'-
2453 3385 2498 3427 in
2527 3386 2637 3436 tem·
